1558087200042,7553.7,3.0
1558087200086,7554.0,11.0
1558087200090,7553.7,3.0
1558087200290,7554.0,11.0
1558087200348,7553.7,3.0
1558087200365,7554.0,11.0
1558087200528,7553.7,3.0
1558087200694,7553.5,3.0
1558087200745,7553.4,8.0
1558087201043,7553.2,3.0
1558087201188,7553.4,3.0
1558087201442,7553.2,3.0
1558087201573,7553.1,8.0
1558087201749,7553.4,8.0
1558087203096,7553.2,3.0
1558087203204,7553.1,8.0
1558087203226,7553.0,3.0
1558087203228,7553.1,8.0
1558087203634,7553.0,3.0
1558087203687,7552.9,8.0
1558087203727,7552.5,3.0
1558087203728,7552.7,3.0
1558087203778,7552.6,8.0
1558087204045,7552.5,3.0
1558087204097,7552.4,8.0
1558087204263,7552.2,3.0
1558087204267,7552.0,3.0
1558087204273,7551.7,3.0
1558087204278,7551.5,3.0
1558087204286,7551.7,3.0
1558087204323,7551.6,8.0
1558087204500,7551.9,8.0
1558087206007,7552.2,11.0
1558087206009,7552.5,11.0
1558087206019,7552.7,3.0
1558087206069,7552.6,8.0
1558087208002,7552.5,3.0
1558087208056,7552.4,8.0
1558087209039,7552.8,8.0
1558087209040,7553.0,3.0
1558087209089,7552.9,8.0
1558087210042,7552.7,3.0
1558087210094,7552.6,8.0
1558087211809,7553.0,3.0
1558087211860,7552.9,8.0
1558087212500,7552.7,3.0
1558087212513,7552.5,3.0
1558087212515,7552.7,3.0
1558087212566,7552.6,8.0
1558087213041,7552.5,3.0
1558087213094,7552.4,8.0
1558087214552,7552.7,3.0
1558087214558,7553.0,3.0
1558087214608,7552.9,8.0
1558087214975,7552.7,3.0
1558087214977,7552.9,8.0
1558087216247,7552.7,3.0
1558087216300,7552.6,8.0
1558087217666,7552.5,3.0
1558087217720,7552.4,8.0
1558087217962,7552.7,3.0
1558087218012,7552.6,8.0
1558087218171,7552.5,3.0
1558087218183,7552.2,3.0
1558087218194,7552.5,3.0
1558087218243,7552.4,8.0
1558087219073,7552.7,3.0
1558087219074,7552.8,8.0
1558087219075,7553.0,3.0
1558087219125,7552.9,8.0
1558087219149,7552.7,3.0
1558087219174,7552.9,8.0
1558087219475,7552.7,3.0
1558087219529,7552.6,8.0
1558087220044,7552.5,3.0
1558087220095,7552.4,8.0
1558087220370,7552.5,3.0
1558087220382,7552.7,3.0
1558087220383,7552.5,3.0
1558087220447,7552.4,8.0
1558087220523,7552.2,3.0
1558087220526,7552.0,3.0
1558087220535,7552.2,3.0
1558087220587,7552.1,8.0
1558087221041,7552.0,3.0
1558087221094,7551.9,8.0
1558087221619,7552.2,11.0
1558087221651,7552.0,3.0
1558087221704,7551.9,8.0
1558087222042,7551.7,3.0
1558087222094,7551.6,8.0
1558087222359,7551.9,8.0
1558087222361,7552.2,8.0
1558087222365,7552.5,11.0
1558087222414,7552.4,8.0
1558087224335,7552.0,3.0
1558087224339,7551.7,3.0
1558087224349,7552.0,3.0
1558087224387,7551.9,8.0
1558087224407,7551.7,3.0
1558087224408,7551.5,3.0
1558087224409,7551.7,3.0
1558087224461,7551.6,8.0
1558087224506,7551.5,3.0
1558087224510,7551.6,8.0
1558087225489,7551.7,3.0
1558087225542,7551.6,8.0
1558087226119,7551.9,8.0
1558087226281,7551.7,3.0
1558087226335,7551.6,8.0
1558087230042,7551.5,3.0
1558087230044,7551.6,8.0
1558087230208,7551.5,3.0
1558087230212,7551.2,3.0
1558087230248,7551.5,3.0
1558087230300,7551.4,8.0
1558087231510,7551.6,8.0
1558087232426,7551.5,3.0
1558087232478,7551.4,8.0
1558087233840,7551.6,8.0
1558087237045,7551.5,3.0
1558087237048,7551.6,8.0
1558087240045,7551.2,3.0
1558087240328,7551.5,3.0
1558087240378,7551.4,8.0
1558087240989,7551.2,3.0
1558087240990,7551.4,8.0
1558087241040,7551.2,3.0
1558087241093,7551.1,8.0
1558087241227,7551.5,3.0
1558087241278,7551.4,8.0
1558087242906,7551.2,3.0
1558087242907,7551.0,3.0
1558087242919,7551.2,3.0
1558087242970,7551.1,8.0
1558087244532,7551.0,3.0
1558087244561,7551.1,8.0
1558087244746,7551.0,3.0
1558087244776,7551.1,8.0
1558087245245,7551.5,3.0
1558087245264,7551.2,3.0
1558087245317,7551.1,8.0
1558087245695,7551.5,3.0
1558087245745,7551.4,8.0
1558087245774,7551.2,3.0
1558087245827,7551.3,8.0
1558087245828,7551.4,8.0
1558087246034,7551.2,3.0
1558087246050,7551.4,8.0
1558087246051,7551.2,3.0
1558087246077,7551.0,3.0
1558087246086,7551.2,3.0
1558087246092,7551.4,8.0
1558087246241,7551.6,8.0
1558087246416,7551.5,3.0
1558087246468,7551.4,8.0
1558087247079,7551.6,8.0
1558087249099,7551.5,3.0
1558087249152,7551.4,8.0
1558087249871,7551.2,3.0
1558087249924,7551.1,8.0
1558087251734,7551.5,3.0
1558087251739,7551.2,3.0
1558087251751,7551.5,3.0
1558087251802,7551.4,8.0
1558087251806,7551.2,3.0
1558087251816,7551.4,8.0
1558087252113,7551.2,3.0
1558087252160,7551.4,8.0
1558087252198,7551.2,3.0
1558087252228,7551.4,8.0
1558087252924,7551.2,3.0
1558087252938,7551.4,8.0
1558087253963,7551.2,3.0
1558087254016,7551.1,8.0
1558087254416,7551.5,3.0
1558087254466,7551.4,8.0
1558087255432,7551.2,3.0
1558087255447,7551.0,3.0
1558087255448,7551.2,3.0
1558087255456,7551.0,3.0
1558087255504,7550.9,8.0
1558087256041,7550.7,3.0
1558087256053,7550.9,8.0
1558087256244,7550.7,3.0
1558087256296,7550.6,8.0
1558087257043,7550.5,3.0
1558087257045,7550.6,8.0
1558087257047,7550.5,3.0
1558087257048,7550.6,8.0
1558087257137,7551.0,11.0
1558087257186,7550.9,8.0
1558087260346,7550.7,3.0
1558087260367,7550.9,8.0
1558087262021,7551.2,3.0
1558087262072,7551.1,8.0
1558087262188,7551.0,3.0
1558087262192,7551.1,8.0
1558087262193,7551.0,3.0
1558087262244,7550.9,8.0
1558087264525,7550.7,3.0
1558087264526,7550.9,8.0
1558087266163,7550.7,3.0
1558087266165,7550.5,3.0
1558087266170,7550.2,3.0
1558087266180,7550.5,3.0
1558087266182,7550.7,3.0
1558087266193,7550.5,3.0
1558087266194,7550.7,3.0
1558087266233,7550.5,3.0
1558087266447,7550.4,8.0
1558087266554,7550.7,11.0
1558087266603,7550.6,8.0
1558087266730,7550.5,3.0
1558087266746,7550.6,8.0
1558087266749,7550.5,3.0
1558087266762,7550.6,8.0
1558087268502,7550.5,3.0
1558087268557,7550.4,8.0
1558087269155,7550.2,3.0
1558087269208,7550.1,8.0
1558087269500,7550.0,3.0
1558087269554,7549.9,8.0
1558087269684,7549.7,3.0
1558087270177,7549.6,8.0
1558087270471,7549.5,3.0
1558087270482,7549.6,8.0
1558087270735,7549.5,3.0
1558087270749,7549.6,8.0
1558087272777,7549.2,3.0
1558087272778,7549.6,8.0
1558087272931,7550.0,3.0
1558087272981,7549.9,8.0
1558087274785,7549.7,3.0
1558087274839,7549.6,8.0
1558087274901,7550.0,3.0
1558087274951,7549.9,8.0
1558087275921,7550.1,8.0
1558087277616,7550.0,3.0
1558087277669,7549.9,8.0
1558087278274,7550.1,8.0
1558087278856,7550.0,3.0
1558087278910,7549.9,8.0
1558087279050,7549.7,3.0
1558087279053,7549.9,8.0
1558087280446,7549.7,3.0
1558087280698,7549.6,8.0
1558087281061,7549.5,3.0
1558087281064,7549.2,3.0
1558087281071,7549.5,3.0
1558087281087,7549.2,3.0
1558087281096,7549.5,3.0
1558087281148,7549.4,8.0
1558087281277,7549.2,3.0
1558087281329,7549.1,8.0
1558087282012,7549.5,11.0
1558087282062,7549.4,8.0
1558087282207,7549.7,3.0
1558087282257,7549.6,8.0
1558087282846,7549.5,3.0
1558087282898,7549.4,8.0
1558087284192,7549.7,3.0
1558087284211,7549.5,3.0
1558087284264,7549.4,8.0
1558087285632,7549.7,3.0
1558087285681,7549.6,8.0
1558087285854,7549.5,3.0
1558087285906,7549.4,8.0
1558087286177,7549.7,3.0
1558087286232,7549.6,8.0
1558087286846,7549.5,3.0
1558087286898,7549.4,8.0
1558087287038,7549.7,3.0
1558087287089,7549.6,8.0
1558087287910,7550.0,3.0
1558087287961,7549.9,8.0
1558087288156,7550.1,8.0
1558087288172,7550.0,3.0
1558087288225,7549.9,8.0
1558087288477,7550.1,8.0
1558087288491,7550.0,3.0
1558087288543,7549.9,8.0
1558087288616,7550.1,8.0
1558087291239,7550.0,3.0
1558087291292,7549.9,8.0
1558087291426,7549.7,3.0
1558087291428,7549.9,8.0
1558087291528,7550.1,8.0
1558087292541,7550.0,3.0
1558087292543,7550.1,8.0
1558087292980,7550.0,3.0
1558087293007,7550.1,8.0
1558087293023,7550.0,3.0
1558087293076,7549.9,8.0
1558087293093,7550.1,8.0
1558087293853,7550.0,3.0
1558087293905,7549.9,8.0
1558087295970,7549.7,3.0
1558087296058,7550.0,3.0
1558087296062,7549.7,3.0
1558087296074,7550.0,3.0
1558087296126,7549.9,8.0
1558087297685,7549.7,3.0
1558087297738,7549.6,8.0
1558087299458,7550.1,8.0
1558087299610,7550.0,3.0
1558087299618,7550.1,8.0
1558087302486,7550.0,3.0
1558087302487,7549.7,3.0
1558087302489,7550.0,3.0
1558087302494,7550.1,8.0
1558087302714,7550.4,8.0
1558087302717,7550.7,11.0
1558087305456,7550.5,3.0
1558087305509,7550.4,8.0
1558087308179,7550.2,3.0
1558087308232,7550.1,8.0
1558087308609,7550.4,8.0
1558087309943,7550.7,11.0
1558087311657,7550.5,3.0
1558087311710,7550.4,8.0
1558087312310,7550.7,11.0
1558087312791,7551.0,11.0
1558087312792,7551.2,3.0
1558087312842,7551.1,8.0
1558087312864,7551.5,3.0
1558087312865,7551.6,8.0
1558087312874,7551.5,3.0
1558087312878,7551.2,3.0
1558087313078,7551.0,3.0
1558087313081,7551.2,11.0
1558087313131,7551.1,8.0
1558087313599,7551.2,3.0
1558087313652,7551.1,8.0
1558087316497,7551.0,3.0
1558087316551,7550.9,8.0
1558087316862,7550.7,3.0
1558087316864,7550.9,8.0
1558087317139,7551.2,3.0
1558087317190,7551.1,8.0
1558087317667,7551.0,3.0
1558087317669,7551.1,8.0
1558087318631,7551.0,3.0
1558087318684,7550.9,8.0
1558087319108,7551.2,3.0
1558087319160,7551.1,8.0
1558087320799,7551.0,3.0
1558087320810,7551.1,8.0
1558087321118,7551.0,3.0
1558087321171,7550.9,8.0
1558087321654,7551.2,3.0
1558087321703,7551.0,3.0
1558087321722,7551.2,3.0
1558087321774,7551.1,8.0
1558087322058,7551.0,3.0
1558087322059,7550.7,3.0
1558087322061,7550.5,3.0
1558087322065,7550.7,3.0
1558087322115,7550.6,8.0
1558087322130,7550.5,3.0
1558087322183,7550.4,8.0
1558087325694,7550.2,3.0
1558087325767,7550.1,8.0
1558087325796,7550.0,3.0
1558087325807,7550.1,8.0
1558087326625,7550.4,8.0
1558087329005,7550.2,3.0
1558087329016,7550.4,8.0
1558087329661,7550.2,3.0
1558087329676,7550.4,8.0
1558087329974,7550.2,3.0
1558087330046,7550.4,3.0
1558087330134,7550.2,3.0
1558087330248,7550.4,8.0
1558087330255,7550.2,3.0
1558087330264,7550.4,8.0
1558087332452,7550.2,3.0
1558087332477,7550.0,3.0
1558087332478,7550.2,3.0
1558087332529,7550.1,8.0
1558087332612,7550.4,8.0
1558087334665,7550.2,3.0
1558087334696,7550.4,8.0
1558087336792,7550.2,3.0
1558087336805,7550.4,8.0
1558087337266,7550.2,3.0
1558087337268,7550.4,8.0
1558087339522,7550.2,3.0
1558087339526,7550.4,8.0
1558087340370,7550.7,11.0
1558087340421,7550.6,8.0
1558087341049,7550.5,3.0
1558087341101,7550.4,8.0
1558087343310,7550.7,11.0
1558087343312,7551.0,11.0
1558087343335,7550.7,3.0
1558087343395,7551.0,11.0
1558087343594,7550.7,3.0
1558087343604,7551.0,11.0
1558087343798,7550.7,3.0
1558087343838,7551.0,11.0
1558087343852,7550.7,3.0
1558087344913,7551.0,11.0
1558087349488,7550.7,3.0
1558087349494,7551.0,11.0
1558087350833,7550.7,3.0
1558087351995,7551.0,11.0
1558087354542,7550.7,3.0
1558087354669,7550.6,8.0
1558087354690,7550.5,3.0
1558087354724,7550.6,8.0
1558087355306,7550.5,3.0
1558087355361,7550.4,8.0
1558087357001,7550.2,3.0
1558087357002,7550.4,8.0
1558087357031,7550.2,3.0
1558087357086,7550.1,8.0
1558087357138,7550.4,8.0
1558087357598,7550.7,11.0
1558087357648,7550.6,8.0
1558087358521,7551.0,11.0
1558087361092,7550.7,3.0
1558087361093,7551.0,11.0
1558087366134,7550.7,3.0
1558087366879,7551.0,11.0
1558087370174,7550.7,3.0
1558087370227,7550.6,8.0
1558087371372,7551.0,11.0
1558087373994,7551.2,3.0
1558087373997,7551.0,3.0
1558087374048,7550.9,8.0
1558087381201,7550.7,3.0
1558087381255,7550.6,8.0
1558087381773,7551.0,11.0
1558087381818,7550.7,3.0
1558087381820,7550.5,3.0
1558087381869,7550.4,8.0
1558087383147,7550.2,3.0
1558087384098,7550.4,3.0
1558087384379,7550.7,11.0
1558087384429,7550.6,8.0
1558087387321,7551.0,11.0
1558087387370,7550.9,8.0
1558087387759,7550.7,3.0
1558087387812,7550.6,8.0
1558087391159,7550.5,3.0
1558087391160,7550.2,3.0
1558087391161,7550.5,3.0
1558087391164,7550.2,3.0
1558087391165,7550.5,3.0
1558087391216,7550.4,8.0
1558087392046,7550.2,3.0
1558087392056,7550.4,8.0
1558087392061,7550.2,3.0
1558087392079,7550.4,8.0
1558087394560,7550.2,3.0
1558087394613,7550.1,8.0
1558087396269,7550.4,8.0
1558087397260,7550.2,3.0
1558087397287,7550.4,8.0
1558087397364,7550.2,3.0
1558087397416,7550.1,8.0
1558087397423,7550.4,8.0
1558087398343,7550.2,3.0
1558087398345,7550.0,3.0
1558087398347,7549.7,3.0
1558087398349,7550.0,3.0
1558087398350,7549.7,3.0
1558087398351,7550.0,3.0
1558087398401,7549.9,8.0
1558087398460,7549.7,3.0
1558087398468,7549.9,8.0
1558087400014,7549.7,3.0
1558087400018,7549.9,8.0
1558087400032,7550.1,8.0
1558087400220,7550.0,3.0
1558087400221,7550.1,8.0
1558087400421,7550.0,3.0
1558087400422,7550.1,8.0
1558087401381,7550.2,3.0
1558087401564,7550.1,8.0
1558087402199,7550.0,3.0
1558087402210,7550.1,8.0
1558087402211,7550.0,3.0
1558087402222,7550.1,8.0
1558087402224,7550.0,3.0
1558087402277,7549.9,8.0
1558087402282,7549.7,3.0
1558087402336,7549.6,8.0
1558087402412,7549.5,3.0
1558087402451,7549.6,8.0
1558087402483,7549.5,3.0
1558087402498,7549.6,8.0
1558087403205,7549.5,3.0
1558087403210,7549.6,8.0
1558087404873,7549.5,3.0
1558087404923,7549.6,8.0
1558087405610,7549.5,3.0
1558087405661,7549.4,8.0
1558087406152,7549.7,3.0
1558087406203,7549.6,8.0
1558087407325,7549.5,3.0
1558087407378,7549.4,8.0
1558087407498,7549.7,3.0
1558087407549,7549.6,8.0
1558087408619,7549.5,3.0
1558087408672,7549.4,8.0
1558087413920,7549.2,3.0
1558087414039,7549.5,11.0
1558087414089,7549.4,8.0
1558087414155,7549.2,3.0
1558087414208,7549.1,8.0
1558087415482,7549.0,3.0
1558087415484,7548.7,3.0
1558087415489,7549.0,3.0
1558087415491,7549.1,8.0
1558087415496,7549.3,6.0
1558087415499,7549.2,3.0
1558087415549,7549.1,8.0
1558087415552,7549.5,11.0
1558087415646,7549.4,8.0
1558087415665,7549.2,3.0
1558087415667,7549.4,8.0
1558087415840,7549.2,3.0
1558087415896,7549.1,8.0
1558087415983,7549.0,3.0
1558087416037,7548.9,8.0
1558087416088,7549.2,11.0
1558087416138,7549.1,8.0
1558087416615,7549.5,11.0
1558087416665,7549.4,8.0
1558087418444,7549.2,3.0
1558087418447,7549.4,8.0
1558087419943,7549.7,3.0
1558087419993,7549.6,8.0
1558087420401,7549.5,3.0
1558087420454,7549.4,8.0
1558087421125,7549.7,3.0
1558087421134,7549.5,3.0
1558087421187,7549.4,8.0
1558087422133,7549.7,3.0
1558087422183,7549.6,8.0
1558087422633,7549.5,3.0
1558087422658,7549.2,3.0
1558087422834,7549.7,3.0
1558087422883,7549.6,8.0
1558087422970,7549.5,3.0
1558087422987,7549.6,8.0
1558087422989,7549.5,3.0
1558087423042,7549.4,8.0
1558087423502,7549.2,3.0
1558087423651,7549.5,11.0
1558087423701,7549.4,8.0
1558087424817,7549.2,3.0
1558087424901,7549.5,11.0
1558087424951,7549.4,8.0
1558087425561,7549.2,3.0
1558087425808,7549.5,11.0
1558087425859,7549.4,8.0
1558087425967,7549.2,3.0
1558087426822,7549.5,11.0
1558087426873,7549.4,8.0
1558087427056,7549.2,3.0
1558087427102,7549.4,8.0
1558087429105,7549.7,3.0
1558087429156,7549.6,8.0
1558087429470,7549.5,3.0
1558087429519,7549.6,8.0
1558087429609,7549.5,3.0
1558087429621,7549.6,8.0
1558087429623,7549.5,3.0
1558087429624,7549.6,8.0
1558087430728,7549.5,3.0
1558087430782,7549.4,8.0
1558087431514,7549.7,3.0
1558087431516,7549.8,8.0
1558087431517,7550.0,3.0
1558087431518,7549.7,3.0
1558087431519,7550.0,3.0
1558087431555,7549.7,3.0
1558087431566,7550.0,3.0
1558087431618,7549.9,8.0
1558087431639,7549.7,3.0
1558087431640,7549.5,3.0
1558087431642,7549.7,3.0
1558087431686,7549.9,8.0
1558087431771,7549.7,3.0
1558087431772,7549.9,8.0
1558087433742,7549.7,3.0
1558087433745,7549.5,3.0
1558087433750,7549.7,3.0
1558087433800,7549.6,8.0
1558087433869,7550.0,3.0
1558087433918,7549.9,8.0
1558087434042,7549.7,3.0
1558087434045,7549.2,3.0
1558087434099,7549.1,8.0
1558087434865,7549.0,3.0
1558087434884,7549.1,8.0
1558087436490,7549.5,11.0
1558087436540,7549.4,8.0
1558087438222,7549.2,3.0
1558087438245,7549.4,8.0
1558087438404,7549.2,3.0
1558087438793,7549.1,8.0
1558087439055,7549.0,3.0
1558087439107,7548.9,8.0
1558087440180,7548.7,3.0
1558087440188,7548.9,8.0
1558087440248,7548.7,3.0
1558087440286,7548.9,8.0
1558087440753,7549.2,11.0
1558087440803,7549.1,8.0
1558087441192,7548.7,3.0
1558087441193,7549.1,8.0
1558087441941,7549.5,11.0
1558087441981,7549.2,3.0
1558087442033,7549.1,8.0
1558087442049,7549.0,3.0
1558087442102,7548.9,8.0
1558087443394,7548.7,3.0
1558087443446,7548.6,8.0
1558087443594,7548.9,8.0
1558087444876,7548.7,3.0
1558087445005,7548.9,3.0
1558087445375,7548.5,3.0
1558087445377,7548.7,3.0
1558087445382,7548.5,3.0
1558087445434,7548.4,8.0
1558087446394,7548.0,3.0
1558087446399,7546.5,3.0
1558087446408,7546.7,3.0
1558087446410,7546.2,3.0
1558087446411,7546.7,3.0
1558087446414,7546.2,3.0
1558087446418,7546.7,3.0
1558087446420,7546.5,3.0
1558087446422,7546.7,3.0
1558087446424,7547.0,3.0
1558087446449,7546.7,3.0
1558087446450,7547.0,3.0
1558087446451,7546.7,3.0
1558087446452,7547.0,3.0
1558087446465,7546.7,3.0
1558087446466,7547.0,3.0
1558087446499,7546.7,3.0
1558087446555,7547.1,3.0
1558087446596,7547.0,3.0
1558087446613,7547.1,8.0
1558087446616,7547.4,8.0
1558087446620,7547.2,3.0
1558087446628,7547.4,8.0
1558087446693,7547.2,3.0
1558087446696,7547.4,8.0
1558087446729,7547.2,3.0
1558087446818,7547.1,8.0
1558087446895,7547.0,3.0
1558087446936,7547.1,8.0
1558087447018,7547.0,3.0
1558087447019,7547.1,8.0
1558087447022,7547.4,8.0
1558087447029,7547.2,3.0
1558087447221,7547.1,8.0
1558087447934,7547.4,8.0
1558087448027,7547.2,3.0
1558087448043,7547.4,8.0
1558087449027,7547.2,3.0
1558087449080,7547.1,8.0
1558087449567,7547.4,8.0
1558087450027,7547.2,3.0
1558087450028,7547.4,8.0
1558087451513,7547.2,3.0
1558087451514,7547.4,8.0
1558087451627,7547.7,11.0
1558087451677,7547.6,8.0
1558087451851,7548.0,11.0
1558087451856,7548.2,3.0
1558087451858,7548.5,3.0
1558087451863,7548.6,8.0
1558087451952,7548.9,8.0
1558087452028,7548.7,3.0
1558087452036,7548.5,3.0
1558087452037,7548.7,3.0
1558087452081,7548.6,8.0
1558087452494,7548.5,3.0
1558087452547,7548.4,8.0
1558087453038,7548.2,3.0
1558087453091,7548.1,8.0
1558087454038,7548.0,3.0
1558087454091,7547.9,8.0
1558087454328,7548.2,3.0
1558087454366,7548.0,3.0
1558087454398,7548.2,3.0
1558087454449,7548.1,8.0
1558087455104,7548.5,3.0
1558087455109,7548.6,8.0
1558087455804,7548.9,8.0
1558087455807,7549.2,11.0
1558087455823,7549.5,11.0
1558087455837,7549.2,3.0
1558087455891,7549.1,8.0
1558087456299,7549.0,3.0
1558087456352,7548.9,8.0
1558087456491,7549.2,11.0
1558087456500,7549.0,3.0
1558087456553,7548.9,8.0
1558087458162,7549.2,11.0
1558087458212,7549.1,8.0
1558087459591,7549.5,11.0
1558087459602,7549.7,3.0
1558087459652,7549.6,8.0
1558087459801,7549.5,3.0
1558087459802,7549.0,3.0
1558087459803,7549.2,3.0
1558087459854,7549.1,8.0
1558087459905,7549.0,3.0
1558087459958,7548.9,8.0
1558087460125,7549.2,11.0
1558087460174,7549.1,8.0
1558087460220,7549.7,3.0
1558087460255,7549.8,8.0
1558087460258,7550.1,8.0
1558087460276,7550.0,3.0
1558087460333,7550.4,3.0
1558087461546,7550.2,3.0
1558087461600,7550.1,8.0
1558087463401,7550.0,3.0
1558087463453,7549.9,8.0
1558087464496,7550.1,8.0
1558087464557,7550.0,3.0
1558087464570,7550.1,8.0
1558087466121,7550.0,3.0
1558087466175,7549.9,8.0
1558087466514,7550.1,8.0
1558087468139,7550.0,3.0
1558087468192,7549.9,8.0
1558087468226,7550.1,8.0
1558087468981,7550.4,8.0
1558087468990,7550.2,3.0
1558087469507,7550.1,8.0
1558087471109,7550.4,8.0
1558087472960,7550.7,11.0
1558087473010,7550.6,8.0
1558087473020,7551.0,11.0
1558087473715,7551.2,3.0
1558087473764,7551.1,8.0
1558087474303,7551.0,3.0
1558087474355,7550.9,8.0
1558087475052,7551.2,3.0
1558087475101,7551.1,8.0
1558087475753,7551.0,3.0
1558087475780,7551.1,8.0
1558087476691,7551.2,3.0
1558087476743,7551.1,8.0
1558087478983,7551.2,3.0
1558087478984,7551.5,3.0
1558087479035,7551.4,8.0
1558087479258,7551.2,3.0
1558087480006,7551.5,3.0
1558087480056,7551.4,8.0
1558087480511,7551.9,8.0
1558087480514,7552.1,6.0
1558087480515,7552.5,3.0
1558087480519,7552.2,3.0
1558087480541,7552.5,3.0
1558087480594,7552.4,8.0
1558087480803,7552.7,3.0
1558087480853,7552.6,8.0
1558087480948,7552.5,3.0
1558087480981,7552.6,8.0
1558087481198,7552.5,3.0
1558087481252,7552.4,8.0
1558087481362,7552.2,3.0
1558087481415,7552.1,8.0
1558087481577,7552.5,11.0
1558087481587,7552.2,3.0
1558087481780,7552.0,3.0
1558087481836,7551.9,8.0
1558087483443,7551.7,3.0
1558087484703,7551.9,3.0
1558087484932,7551.7,3.0
1558087485081,7551.6,8.0
1558087485650,7551.9,8.0
1558087486005,7551.7,3.0
1558087486232,7551.6,8.0
1558087486699,7551.5,3.0
1558087486752,7551.4,8.0
1558087487029,7551.6,8.0
1558087487067,7551.5,3.0
1558087487120,7551.4,8.0
1558087487293,7551.2,3.0
1558087487429,7551.5,3.0
1558087487479,7551.4,8.0
1558087489159,7551.7,3.0
1558087489160,7551.9,8.0
1558087489161,7551.7,3.0
1558087489234,7551.5,3.0
1558087489286,7551.4,8.0
1558087490991,7551.2,3.0
1558087492827,7551.3,8.0
1558087492828,7551.6,8.0
1558087493758,7551.9,8.0
1558087493759,7551.7,3.0
1558087493760,7551.9,8.0
1558087494275,7551.7,3.0
1558087494328,7551.6,8.0
1558087496870,7551.5,3.0
1558087496923,7551.4,8.0
1558087496942,7551.6,8.0
1558087498828,7551.5,3.0
1558087498880,7551.4,8.0
1558087500145,7551.6,8.0
1558087500379,7551.5,3.0
1558087500431,7551.4,8.0
1558087501365,7551.6,8.0
1558087502212,7551.5,3.0
1558087502266,7551.4,8.0
1558087502557,7551.2,3.0
1558087502558,7551.4,8.0
1558087502680,7551.2,3.0
1558087502689,7551.0,3.0
1558087502691,7551.2,3.0
1558087502750,7551.1,8.0
1558087504280,7551.5,3.0
1558087504331,7551.4,8.0
1558087505357,7551.6,8.0
1558087509860,7551.7,3.0
1558087509904,7551.9,8.0
1558087510056,7551.7,3.0
1558087510164,7551.6,8.0
1558087511227,7551.5,3.0
1558087511280,7551.4,8.0
1558087511652,7551.2,3.0
1558087511747,7551.4,3.0
1558087513332,7551.2,3.0
1558087513404,7551.5,3.0
1558087513455,7551.4,8.0
1558087513646,7551.2,3.0
1558087514079,7551.5,3.0
1558087514128,7551.4,8.0
1558087514216,7551.2,3.0
1558087514319,7551.5,3.0
1558087514370,7551.4,8.0
1558087514754,7551.2,3.0
1558087515228,7551.5,3.0
1558087515281,7551.4,8.0
1558087515467,7551.2,3.0
1558087515556,7551.4,3.0
1558087517303,7551.6,3.0
1558087517362,7551.5,3.0
1558087517371,7551.6,8.0
1558087518500,7551.5,3.0
1558087518554,7551.4,8.0
1558087518919,7551.5,3.0
1558087518972,7551.4,8.0
1558087521048,7551.2,3.0
1558087521101,7551.1,8.0
1558087522758,7551.0,3.0
1558087522776,7551.1,8.0
1558087523445,7551.5,3.0
1558087523447,7551.2,3.0
1558087523467,7551.5,3.0
1558087523518,7551.4,8.0
1558087528290,7551.2,3.0
1558087528300,7551.4,8.0
1558087538496,7551.2,3.0
1558087538551,7551.1,8.0
1558087544575,7551.0,3.0
1558087544599,7551.1,8.0
1558087544767,7551.0,3.0
1558087544820,7550.9,8.0
1558087548162,7551.2,3.0
1558087548213,7551.1,8.0
1558087548605,7551.0,3.0
1558087548658,7550.9,8.0
1558087550960,7551.2,3.0
1558087551009,7551.1,8.0
1558087551070,7550.7,3.0
1558087551122,7550.6,8.0
1558087552080,7551.0,8.0
1558087552081,7551.2,3.0
1558087552132,7551.1,8.0
1558087554607,7551.0,3.0
1558087554660,7550.9,8.0
1558087556320,7551.2,3.0
1558087556371,7551.1,8.0
1558087560237,7551.0,3.0
1558087560290,7550.9,8.0
1558087560508,7550.7,3.0
1558087560562,7550.6,8.0
1558087562363,7550.5,3.0
1558087562365,7550.2,3.0
1558087562367,7550.5,3.0
1558087562418,7550.4,8.0
1558087562532,7550.7,11.0
1558087562582,7550.6,8.0
1558087563302,7550.5,3.0
1558087563303,7550.6,8.0
1558087563310,7551.0,11.0
1558087563358,7550.9,8.0
1558087565436,7550.7,3.0
1558087565490,7550.6,8.0
1558087565497,7551.0,11.0
1558087565548,7550.9,8.0
1558087567975,7551.2,3.0
1558087567985,7551.5,3.0
1558087568035,7551.4,8.0
1558087568052,7551.6,8.0
1558087568194,7551.9,8.0
1558087568934,7551.7,3.0
1558087568993,7551.6,8.0
1558087569602,7551.5,3.0
1558087569617,7551.6,8.0
1558087570006,7551.5,3.0
1558087570060,7551.4,8.0
1558087572545,7551.2,3.0
1558087572597,7551.1,8.0
1558087572996,7551.0,3.0
1558087573000,7551.1,8.0
1558087574022,7551.0,3.0
1558087574075,7550.9,8.0
1558087576665,7550.7,3.0
1558087576718,7550.6,8.0
1558087576741,7550.5,3.0
1558087576796,7550.4,8.0
1558087577015,7550.7,11.0
1558087577064,7550.6,8.0
1558087582135,7551.0,11.0
1558087582185,7550.9,8.0
1558087584839,7550.5,3.0
1558087584891,7550.4,8.0
1558087586159,7550.2,3.0
1558087586213,7550.1,8.0
1558087587658,7550.2,3.0
1558087587709,7550.1,8.0
1558087587974,7550.0,3.0
1558087588027,7549.9,8.0
1558087588717,7550.1,8.0
1558087588721,7550.0,3.0
1558087588772,7549.9,8.0
1558087589025,7550.1,8.0
1558087589622,7550.0,3.0
1558087589670,7550.1,8.0
1558087590479,7550.0,3.0
1558087590503,7550.1,8.0
1558087590657,7550.0,3.0
1558087590687,7550.1,8.0
1558087592151,7550.4,8.0
1558087593249,7550.7,11.0
1558087593300,7550.6,8.0
1558087598196,7551.0,11.0
1558087598698,7550.7,3.0
1558087598719,7551.0,11.0
1558087600698,7550.7,3.0
1558087600722,7551.0,11.0
1558087601424,7550.7,3.0
1558087601434,7550.5,3.0
1558087601486,7550.4,8.0
1558087602670,7550.7,11.0
1558087602721,7550.6,8.0
1558087603372,7550.5,3.0
1558087603425,7550.4,8.0
1558087603596,7550.7,11.0
1558087603647,7550.6,8.0
1558087604299,7550.5,3.0
1558087604352,7550.4,8.0
1558087607629,7550.7,8.0
1558087607631,7551.0,11.0
1558087608683,7550.7,3.0
1558087608747,7550.6,8.0
1558087609061,7550.5,3.0
1558087609063,7550.6,8.0
1558087611990,7551.0,11.0
1558087612056,7550.7,3.0
1558087612275,7550.5,3.0
1558087612299,7550.7,11.0
1558087612349,7550.5,3.0
1558087612402,7550.4,8.0
1558087617614,7550.2,3.0
1558087617618,7550.4,8.0
1558087618991,7550.2,3.0
1558087619063,7550.4,3.0
1558087620810,7550.7,11.0
1558087620814,7550.5,3.0
1558087620815,7550.7,11.0
1558087620822,7550.5,3.0
1558087620872,7550.4,8.0
1558087620891,7550.7,11.0
1558087620941,7550.6,8.0
1558087621533,7550.5,3.0
1558087621586,7550.4,8.0
1558087622175,7550.7,11.0
1558087622224,7550.6,8.0
1558087623110,7550.5,3.0
1558087623164,7550.4,8.0
1558087623166,7550.7,11.0
1558087623216,7550.6,8.0
1558087626974,7550.5,3.0
1558087626980,7550.6,8.0
1558087627068,7550.5,3.0
1558087627119,7550.4,8.0
1558087630248,7550.2,3.0
1558087630331,7550.1,8.0
1558087630541,7550.0,3.0
1558087630594,7549.9,8.0
1558087631368,7550.1,8.0
1558087631490,7550.4,8.0
1558087633081,7550.7,11.0
1558087633114,7551.0,11.0
1558087634763,7550.7,3.0
1558087634764,7551.0,11.0
1558087634843,7550.7,3.0
1558087636030,7551.0,11.0
1558087636622,7550.7,3.0
1558087636758,7550.6,8.0
1558087637222,7550.5,3.0
1558087637274,7550.4,8.0
1558087637403,7550.7,11.0
1558087637453,7550.6,8.0
1558087641011,7550.5,3.0
1558087641064,7550.4,8.0
1558087641715,7550.2,3.0
1558087641716,7550.4,8.0
1558087641921,7550.2,3.0
1558087642464,7550.1,8.0
1558087643068,7550.0,3.0
1558087643123,7550.1,8.0
1558087644149,7550.0,3.0
1558087644203,7549.9,8.0
1558087644214,7550.1,8.0
1558087644267,7550.0,3.0
1558087644298,7550.1,8.0
1558087645628,7550.0,3.0
1558087645683,7549.9,8.0
1558087648634,7549.7,3.0
1558087649202,7549.6,8.0
1558087649308,7549.5,3.0
1558087649309,7549.6,8.0
1558087650019,7550.0,3.0
1558087650068,7549.9,8.0
1558087651331,7549.7,3.0
1558087651385,7549.6,8.0
1558087651494,7549.5,3.0
1558087651547,7549.4,8.0
1558087651641,7549.2,3.0
1558087651666,7549.0,3.0
1558087651669,7548.7,3.0
1558087651970,7549.0,3.0
1558087652020,7548.9,8.0
1558087655373,7549.2,11.0
1558087655423,7549.1,8.0
1558087658681,7549.0,3.0
1558087658734,7548.9,8.0
1558087659281,7549.2,11.0
1558087659768,7549.1,8.0
1558087663389,7549.0,3.0
1558087663441,7548.9,8.0
1558087665263,7549.2,11.0
1558087665313,7549.1,8.0
1558087665889,7549.5,11.0
1558087665940,7549.4,8.0
1558087666015,7549.2,3.0
1558087666092,7549.5,11.0
1558087666143,7549.4,8.0
1558087667536,7549.2,3.0
1558087667587,7549.1,8.0
1558087667701,7549.5,11.0
1558087667750,7549.2,3.0
1558087667803,7549.1,8.0
1558087669018,7549.5,11.0
1558087669022,7549.7,3.0
1558087669074,7549.6,8.0
1558087669110,7549.7,3.0
1558087669433,7549.6,8.0
1558087671678,7549.5,3.0
1558087671731,7549.4,8.0
1558087673165,7549.7,3.0
1558087673214,7549.6,8.0
1558087675570,7550.0,3.0
1558087675620,7549.9,8.0
1558087675731,7550.1,8.0
1558087678063,7550.0,3.0
1558087678115,7549.9,8.0
1558087678623,7550.1,8.0
1558087679791,7550.0,3.0
1558087679844,7549.9,8.0
1558087679866,7550.1,8.0
1558087679910,7550.0,3.0
1558087679964,7549.9,8.0
1558087681745,7549.7,3.0
1558087681842,7549.5,3.0
1558087681894,7549.4,8.0
1558087681924,7549.7,11.0
1558087681974,7549.6,8.0
1558087683557,7549.5,3.0
1558087683610,7549.4,8.0
1558087683882,7549.7,3.0
1558087683932,7549.6,8.0
1558087686036,7549.5,3.0
1558087686089,7549.4,8.0
1558087686098,7549.6,8.0
1558087686099,7550.0,3.0
1558087686118,7549.7,3.0
1558087686172,7549.6,8.0
1558087686271,7550.0,3.0
1558087686320,7549.9,8.0
1558087687544,7549.7,3.0
1558087687597,7549.6,8.0
1558087688582,7550.0,3.0
1558087688630,7549.9,8.0
1558087688711,7549.7,3.0
1558087688787,7549.9,8.0
1558087690269,7549.7,3.0
1558087690414,7550.0,3.0
1558087690465,7549.9,8.0
1558087692880,7549.7,3.0
1558087693110,7549.6,8.0
1558087695182,7549.7,3.0
1558087695186,7550.0,3.0
1558087695236,7549.9,8.0
1558087699245,7549.7,3.0
1558087699289,7549.9,8.0
1558087700017,7549.7,3.0
1558087700059,7549.9,8.0
1558087704918,7550.1,8.0
1558087705080,7550.0,3.0
1558087705133,7549.9,8.0
1558087705475,7550.1,8.0
1558087705554,7550.0,3.0
1558087705607,7549.9,8.0
1558087706968,7549.7,3.0
1558087707141,7549.6,8.0
1558087710115,7550.0,3.0
1558087710166,7549.9,8.0
1558087713285,7549.7,3.0
1558087713299,7549.9,8.0
1558087714835,7549.7,3.0
1558087714886,7549.6,8.0
1558087718797,7549.5,3.0
1558087718798,7549.6,8.0
1558087720018,7549.5,3.0
1558087720072,7549.4,8.0
1558087721079,7549.2,3.0
1558087721531,7549.5,11.0
1558087721582,7549.4,8.0
1558087723335,7549.7,3.0
1558087723384,7549.6,8.0
1558087723837,7550.0,3.0
1558087723887,7549.9,8.0
1558087724369,7550.1,8.0
1558087725726,7550.0,3.0
1558087725728,7549.5,3.0
1558087725734,7549.2,3.0
1558087725737,7549.0,3.0
1558087725741,7548.7,3.0
1558087725746,7548.5,3.0
1558087725749,7548.2,3.0
1558087725750,7548.5,3.0
1558087725755,7548.2,3.0
1558087725777,7548.5,3.0
1558087725829,7548.4,8.0
1558087726081,7548.6,8.0
1558087726733,7548.5,3.0
1558087726787,7548.4,8.0
1558087727500,7548.6,8.0
1558087727773,7548.5,3.0
1558087727804,7548.6,8.0
1558087728493,7548.5,3.0
1558087728502,7548.2,3.0
1558087728554,7548.1,8.0
1558087729488,7548.5,3.0
1558087729537,7548.4,8.0
1558087729724,7548.6,8.0
1558087729756,7548.5,3.0
1558087729806,7548.4,8.0
1558087731517,7548.6,8.0
1558087731605,7548.5,3.0
1558087731656,7548.4,8.0
1558087736358,7548.2,3.0
1558087736411,7548.1,8.0
1558087736574,7548.0,3.0
1558087736585,7548.1,8.0
1558087736684,7548.0,3.0
1558087736737,7547.9,8.0
1558087737581,7548.2,3.0
1558087737630,7548.1,8.0
1558087738235,7548.0,3.0
1558087738288,7547.9,8.0
1558087738500,7548.2,3.0
1558087738550,7548.1,8.0
1558087740788,7548.6,8.0
1558087740851,7548.9,8.0
1558087741002,7549.2,11.0
1558087742404,7549.0,3.0
1558087742416,7549.2,11.0
1558087743049,7549.0,3.0
1558087743102,7548.9,8.0
1558087743167,7548.7,3.0
1558087743190,7548.9,8.0
1558087743872,7549.2,11.0
1558087744336,7549.5,11.0
1558087744385,7549.4,8.0
1558087745074,7549.2,3.0
1558087745126,7549.1,8.0
1558087746424,7549.0,3.0
1558087746476,7548.9,8.0
1558087746804,7549.2,11.0
1558087746855,7549.1,8.0
1558087746902,7549.0,3.0
1558087746956,7548.9,8.0
1558087748546,7548.7,3.0
1558087748547,7548.5,3.0
1558087748599,7548.4,8.0
1558087748688,7548.6,8.0
1558087748689,7548.9,8.0
1558087749877,7548.7,3.0
1558087749929,7548.6,8.0
1558087749975,7548.9,8.0
1558087749979,7549.2,11.0
1558087750030,7549.1,8.0
1558087751523,7549.5,11.0
1558087751526,7549.2,3.0
1558087751578,7549.1,8.0
1558087753012,7549.0,3.0
1558087753026,7549.1,8.0
1558087753294,7549.0,3.0
1558087753346,7548.9,8.0
1558087755317,7549.2,11.0
1558087755366,7549.1,8.0
1558087757413,7549.0,3.0
1558087757463,7548.9,8.0
1558087757622,7549.2,11.0
1558087757672,7549.1,8.0
1558087758771,7549.5,11.0
1558087759936,7549.2,3.0
1558087759938,7549.5,11.0
1558087761065,7549.2,3.0
1558087761116,7549.1,8.0
1558087761720,7549.5,11.0
1558087762784,7549.2,3.0
1558087762837,7549.1,8.0
1558087766772,7549.0,3.0
1558087766823,7548.9,8.0
1558087767670,7549.2,11.0
1558087767722,7549.1,8.0
1558087769678,7549.5,11.0
1558087771536,7549.2,3.0
1558087771590,7549.1,8.0
1558087774286,7549.0,3.0
1558087774337,7548.9,8.0
1558087774346,7549.2,11.0
1558087774397,7549.1,8.0
1558087775219,7549.0,3.0
1558087775269,7548.9,8.0
1558087775698,7549.2,11.0
1558087775748,7549.1,8.0
1558087776751,7549.0,3.0
1558087776765,7549.1,8.0
1558087778393,7549.5,11.0
1558087780175,7549.7,3.0
1558087780225,7549.6,8.0
1558087786223,7549.5,3.0
1558087786274,7549.4,8.0
1558087788742,7549.2,3.0
1558087788795,7549.1,8.0
1558087788894,7549.5,11.0
1558087788945,7549.4,8.0
1558087790406,7549.2,3.0
1558087790408,7549.0,3.0
1558087790411,7548.7,3.0
1558087790413,7549.0,3.0
1558087790415,7549.2,3.0
1558087790463,7549.1,8.0
1558087791647,7549.5,11.0
1558087791698,7549.4,8.0
1558087792274,7549.2,3.0
1558087792275,7549.4,8.0
1558087792547,7549.2,3.0
1558087792600,7549.1,8.0
1558087795099,7549.0,3.0
1558087795152,7548.9,8.0
1558087795218,7549.2,11.0
1558087795269,7549.1,8.0
1558087798654,7549.0,3.0
1558087798705,7548.9,8.0
1558087798801,7549.2,11.0
1558087798851,7549.1,8.0
1558087801000,7549.5,11.0
1558087801050,7549.4,8.0
1558087801878,7549.2,3.0
1558087801931,7549.1,8.0
1558087805790,7549.0,3.0
1558087805842,7548.9,8.0
1558087811340,7549.2,11.0
1558087811389,7549.1,8.0
1558087811885,7549.0,3.0
1558087811937,7548.9,8.0
1558087813280,7549.2,11.0
1558087813330,7549.1,8.0
1558087814418,7549.5,11.0
1558087814454,7549.2,3.0
1558087814508,7549.1,8.0
1558087816140,7549.0,3.0
1558087816189,7548.9,8.0
1558087818755,7549.2,11.0
1558087818805,7549.1,8.0
1558087820129,7549.0,3.0
1558087820181,7548.9,8.0
1558087822383,7548.7,3.0
1558087822391,7548.5,3.0
1558087822399,7548.7,3.0
1558087822447,7548.6,8.0
1558087826179,7548.9,8.0
1558087826181,7548.7,3.0
1558087826233,7548.6,8.0
1558087829787,7548.5,3.0
1558087829837,7548.4,8.0
1558087830661,7548.6,8.0
1558087831649,7548.5,3.0
1558087831701,7548.4,8.0
1558087831878,7548.6,8.0
1558087834823,7548.9,8.0
1558087836411,7549.2,11.0
1558087836460,7549.1,8.0
1558087837342,7549.5,11.0
1558087837924,7549.2,3.0
1558087837927,7549.0,3.0
1558087837928,7549.2,3.0
1558087837976,7549.5,11.0
1558087837977,7549.2,3.0
1558087837978,7549.5,11.0
1558087837982,7549.2,3.0
1558087838033,7549.1,8.0
1558087838096,7549.5,11.0
1558087838203,7549.2,3.0
1558087838257,7549.1,8.0
1558087851022,7549.0,3.0
1558087851072,7548.9,8.0
1558087851191,7548.7,3.0
1558087851245,7548.6,8.0
1558087851284,7548.9,8.0
1558087852447,7549.2,11.0
1558087852497,7549.1,8.0
1558087853454,7549.0,3.0
1558087853505,7548.9,8.0
1558087855394,7548.7,3.0
1558087855395,7548.9,8.0
1558087855697,7549.2,11.0
1558087855747,7549.1,8.0
1558087856157,7548.7,3.0
1558087856210,7548.6,8.0
1558087859403,7548.9,8.0
1558087859451,7549.2,11.0
1558087859501,7549.1,8.0
1558087861183,7549.0,3.0
1558087861185,7548.7,3.0
1558087861188,7548.5,3.0
1558087861191,7548.2,3.0
1558087861194,7548.0,3.0
1558087861225,7548.2,3.0
1558087861226,7548.0,3.0
1558087861279,7547.9,8.0
1558087861323,7548.2,3.0
1558087861374,7548.1,8.0
1558087861921,7548.0,3.0
1558087861935,7548.1,8.0
1558087862617,7548.5,3.0
1558087862667,7548.4,8.0
1558087862846,7548.2,3.0
1558087862901,7548.1,8.0
1558087864037,7548.5,3.0
1558087864088,7548.4,8.0
1558087866468,7548.2,3.0
1558087866521,7548.1,8.0
1558087866937,7548.5,3.0
1558087866987,7548.4,8.0
1558087867329,7548.2,3.0
1558087867331,7548.4,8.0
1558087868004,7548.2,3.0
1558087868056,7548.1,8.0
1558087868105,7548.0,3.0
1558087868156,7547.9,8.0
1558087868161,7548.1,8.0
1558087869488,7548.0,3.0
1558087869496,7548.1,8.0
1558087869663,7548.0,3.0
1558087869714,7547.9,8.0
1558087870249,7547.7,3.0
1558087870301,7547.6,8.0
1558087870753,7548.0,11.0
1558087870803,7547.9,8.0
1558087870858,7547.7,3.0
1558087870911,7547.6,8.0
1558087871152,7547.5,3.0
1558087871154,7547.6,8.0
1558087871156,7547.5,3.0
1558087871207,7547.4,8.0
1558087871374,7547.7,11.0
1558087871425,7547.6,8.0
1558087871522,7547.5,3.0
1558087871537,7547.6,8.0
1558087872093,7547.5,3.0
1558087872104,7547.6,8.0
1558087872191,7547.5,3.0
1558087872227,7547.6,8.0
1558087872782,7547.5,3.0
1558087872834,7547.4,8.0
1558087875423,7547.7,11.0
1558087875473,7547.6,8.0
1558087875604,7547.5,3.0
1558087875610,7547.6,8.0
1558087875733,7548.0,11.0
1558087875785,7547.9,8.0
1558087875894,7547.7,3.0
1558087875903,7547.2,3.0
1558087875904,7547.5,3.0
1558087875955,7547.4,8.0
1558087876007,7547.7,11.0
1558087876058,7547.6,8.0
1558087876474,7547.5,3.0
1558087876525,7547.4,8.0
1558087877217,7547.2,3.0
1558087877271,7547.1,8.0
1558087879932,7547.0,3.0
1558087879944,7547.1,8.0
1558087880100,7547.4,8.0
1558087880102,7547.7,11.0
1558087880153,7547.6,8.0
1558087880261,7547.5,3.0
1558087880311,7547.4,8.0
1558087880856,7547.2,3.0
1558087880858,7547.0,3.0
1558087880862,7546.7,3.0
1558087880863,7547.0,3.0
1558087880872,7546.7,3.0
1558087880893,7546.5,3.0
1558087880896,7546.2,3.0
1558087880904,7546.0,3.0
1558087880912,7546.2,3.0
1558087880958,7546.1,8.0
1558087880969,7546.0,3.0
1558087880988,7546.1,8.0
1558087881082,7546.0,3.0
1558087881134,7545.9,8.0
1558087881176,7545.7,3.0
1558087881232,7545.6,8.0
1558087881245,7545.9,8.0
1558087881366,7545.7,3.0
1558087881370,7545.5,3.0
1558087881373,7545.7,3.0
1558087881426,7545.6,8.0
1558087882102,7545.5,3.0
1558087882155,7545.4,8.0
1558087882185,7545.6,8.0
1558087882483,7545.9,8.0
1558087883164,7545.7,3.0
1558087883216,7545.6,8.0
1558087883774,7545.5,3.0
1558087883787,7545.6,8.0
1558087884241,7545.5,3.0
1558087884294,7545.4,8.0
1558087884299,7545.6,8.0
1558087884590,7545.5,3.0
1558087884642,7545.4,8.0
1558087884711,7545.2,3.0
1558087884714,7545.4,8.0
1558087884732,7545.2,3.0
1558087884784,7545.1,8.0
1558087884788,7545.0,3.0
1558087884839,7544.9,8.0
1558087884954,7545.5,3.0
1558087885007,7545.4,8.0
1558087885164,7545.2,3.0
1558087885218,7545.1,8.0
1558087885296,7545.5,3.0
1558087885348,7545.4,8.0
1558087885740,7545.6,8.0
1558087885902,7545.9,8.0
1558087885916,7546.2,11.0
1558087885934,7546.0,3.0
1558087885944,7546.2,11.0
1558087886010,7546.0,3.0
1558087886021,7546.2,11.0
1558087887235,7546.0,3.0
1558087887286,7545.9,8.0
1558087887312,7546.2,11.0
1558087888008,7546.7,3.0
1558087888009,7546.5,3.0
1558087888044,7546.2,3.0
1558087888097,7546.1,8.0
1558087889296,7546.5,11.0
1558087889347,7546.4,8.0
1558087890033,7546.2,3.0
1558087890085,7546.1,8.0
1558087891443,7546.0,3.0
1558087891496,7545.9,8.0
1558087891500,7546.2,11.0
1558087891551,7546.1,8.0
1558087892128,7546.5,11.0
1558087892179,7546.4,8.0
1558087892715,7546.2,3.0
1558087892766,7546.1,8.0
1558087893748,7546.0,3.0
1558087893801,7545.9,8.0
1558087895952,7545.7,3.0
1558087896004,7545.6,8.0
1558087896880,7545.5,3.0
1558087896914,7545.6,8.0
1558087897911,7545.5,3.0
1558087897963,7545.4,8.0
1558087899233,7545.6,8.0
1558087902291,7545.5,3.0
1558087902336,7545.2,3.0
1558087902421,7545.1,8.0
1558087902646,7545.2,8.0
1558087902648,7545.7,3.0
1558087902652,7545.9,8.0
1558087903114,7545.7,3.0
1558087903125,7545.9,8.0
1558087903186,7545.7,3.0
1558087903284,7545.9,8.0
1558087904113,7545.7,3.0
1558087904166,7545.6,8.0
1558087904363,7545.9,8.0
1558087904861,7545.7,3.0
1558087905379,7545.6,8.0
1558087906126,7545.9,8.0
1558087909962,7546.2,11.0
1558087910216,7546.0,3.0
1558087910270,7545.9,8.0
1558087913200,7546.2,11.0
1558087913205,7546.5,11.0
1558087913833,7546.2,3.0
1558087915000,7546.5,11.0
1558087916879,7546.2,3.0
1558087916931,7546.1,8.0
1558087917100,7546.5,11.0
1558087917211,7546.2,3.0
1558087917215,7546.0,3.0
1558087917226,7546.2,3.0
1558087917277,7546.1,8.0
1558087917730,7546.0,3.0
1558087917782,7545.9,8.0
1558087918096,7546.2,11.0
1558087918146,7546.1,8.0
1558087921491,7546.0,3.0
1558087921544,7545.9,8.0
1558087921624,7546.2,11.0
1558087921674,7546.1,8.0
1558087922200,7546.5,11.0
1558087922261,7546.2,3.0
1558087922298,7546.5,11.0
1558087923172,7546.2,3.0
1558087923226,7546.1,8.0
1558087925481,7546.5,11.0
1558087927868,7546.7,3.0
1558087927918,7546.6,8.0
1558087928442,7546.5,3.0
1558087928494,7546.4,8.0
1558087931599,7546.0,3.0
1558087931603,7546.2,3.0
1558087931654,7546.1,8.0
1558087931849,7546.0,3.0
1558087931902,7545.9,8.0
1558087933303,7546.2,11.0
1558087933353,7546.1,8.0
1558087933640,7546.0,3.0
1558087933693,7545.9,8.0
1558087934439,7546.2,11.0
1558087934490,7546.1,8.0
1558087934639,7546.0,3.0
1558087934640,7546.1,8.0
1558087934756,7546.5,11.0
1558087934805,7546.4,8.0
1558087935934,7546.2,3.0
1558087935936,7546.4,8.0
1558087940362,7545.7,3.0
1558087940363,7546.0,3.0
1558087940416,7545.9,8.0
1558087941433,7545.7,3.0
1558087941487,7545.6,8.0
1558087942273,7545.9,8.0
1558087945357,7545.7,3.0
1558087945412,7545.6,8.0
1558087945820,7545.5,3.0
1558087945872,7545.4,8.0
1558087945885,7545.6,8.0
1558087948134,7545.9,8.0
1558087951457,7545.7,3.0
1558087951462,7545.9,8.0
1558087952065,7546.2,11.0
1558087952115,7546.1,8.0
1558087952136,7546.5,11.0
1558087956819,7546.7,3.0
1558087956869,7546.6,8.0
1558087958146,7546.5,3.0
1558087958193,7546.2,3.0
1558087958246,7546.1,8.0
1558087958469,7546.5,11.0
1558087958474,7546.2,3.0
1558087958532,7546.1,8.0
1558087962206,7546.5,11.0
1558087962255,7546.4,8.0
1558087962557,7546.7,3.0
1558087962572,7546.5,3.0
1558087962614,7546.7,3.0
1558087962664,7546.6,8.0
1558087966297,7546.7,3.0
1558087966351,7546.6,8.0
1558087969920,7547.0,3.0
1558087969970,7546.9,8.0
1558087970399,7546.7,3.0
1558087970452,7546.6,8.0
1558087975952,7546.5,3.0
1558087976004,7546.4,8.0
1558087977576,7546.2,3.0
1558087977659,7546.1,8.0
1558087977660,7546.5,11.0
1558087977710,7546.4,8.0
1558087978359,7546.7,3.0
1558087978382,7546.5,3.0
1558087978425,7546.7,3.0
1558087978476,7546.6,8.0
1558087983590,7547.0,3.0
1558087983639,7546.9,8.0
1558087983973,7547.1,8.0
1558087984136,7547.4,8.0
1558087986336,7547.2,3.0
1558087986389,7547.1,8.0
1558087988941,7546.7,3.0
1558087989811,7547.0,3.0
1558087989812,7547.1,8.0
1558087990116,7547.0,3.0
1558087990169,7546.9,8.0
1558087993569,7546.7,3.0
1558087993630,7546.6,8.0
1558087994421,7547.0,3.0
1558087994470,7546.9,8.0
1558087995418,7546.7,3.0
1558087995430,7546.9,8.0
1558087995431,7546.7,3.0
1558087996030,7546.6,8.0
1558088000708,7547.0,3.0
1558088000758,7546.9,8.0
1558088004937,7546.7,3.0
1558088005386,7546.6,8.0
1558088008979,7547.0,3.0
1558088009030,7546.9,8.0
1558088009061,7546.7,3.0
1558088009692,7547.0,3.0
1558088009743,7546.9,8.0
1558088010149,7546.7,3.0
1558088010467,7547.0,3.0
1558088010518,7546.9,8.0
1558088010688,7546.7,3.0
1558088010741,7546.6,8.0
1558088013472,7547.0,3.0
1558088013518,7546.9,8.0
1558088013839,7546.7,3.0
1558088013892,7546.6,8.0
1558088020907,7546.5,3.0
1558088020961,7546.4,8.0
1558088022503,7546.2,3.0
1558088022575,7546.5,11.0
1558088022579,7546.7,3.0
1558088022629,7546.6,8.0
1558088022675,7546.5,3.0
1558088022692,7546.6,8.0
1558088023030,7546.5,3.0
1558088023083,7546.4,8.0
1558088025075,7546.7,3.0
1558088025125,7546.6,8.0
1558088025499,7546.5,3.0
1558088025501,7546.6,8.0
1558088025599,7547.0,3.0
1558088025604,7547.1,8.0
1558088025669,7547.0,3.0
1558088025679,7547.1,8.0
1558088026473,7547.0,3.0
1558088026521,7547.1,8.0
1558088026896,7547.0,3.0
1558088026949,7546.9,8.0
1558088027767,7547.1,8.0
1558088029274,7547.7,11.0
1558088029275,7547.5,3.0
1558088029277,7547.7,11.0
1558088029642,7547.5,3.0
1558088029643,7547.7,11.0
1558088029655,7547.5,3.0
1558088029707,7547.4,8.0
1558088029822,7547.2,3.0
1558088029885,7547.1,8.0
1558088030288,7547.0,3.0
1558088030299,7547.1,8.0
1558088030583,7547.0,3.0
1558088030584,7547.1,8.0
1558088030606,7547.0,3.0
1558088030674,7546.9,8.0
1558088030723,7547.1,8.0
1558088030994,7547.0,3.0
1558088031003,7546.7,3.0
1558088031055,7546.6,8.0
1558088031074,7546.5,3.0
1558088031126,7546.4,8.0
1558088031276,7546.2,3.0
1558088031288,7546.0,3.0
1558088031304,7545.7,3.0
1558088031357,7545.6,8.0
1558088031603,7545.9,8.0
1558088031605,7545.7,3.0
1558088031608,7545.9,8.0
1558088037131,7546.2,11.0
1558088037141,7546.0,3.0
1558088037194,7545.9,8.0
1558088037658,7546.2,11.0
1558088037707,7546.1,8.0
1558088037737,7546.5,11.0
1558088037789,7546.4,8.0
1558088037840,7546.2,3.0
1558088037860,7546.0,3.0
1558088037912,7545.9,8.0
1558088039294,7546.2,11.0
1558088039347,7546.1,8.0
1558088041196,7546.0,3.0
1558088041247,7545.9,8.0
1558088041316,7546.2,11.0
1558088041366,7546.1,8.0
1558088041755,7545.7,3.0
1558088041759,7546.0,3.0
1558088041808,7545.9,8.0
1558088042721,7546.2,11.0
1558088042771,7546.1,8.0
1558088044099,7546.0,3.0
1558088044152,7545.9,8.0
1558088046064,7545.7,3.0
1558088046067,7545.9,8.0
1558088046178,7545.7,3.0
1558088046180,7545.9,8.0
1558088046181,7545.7,3.0
1558088047693,7545.9,3.0
1558088049770,7545.7,3.0
1558088049824,7545.6,8.0
1558088052923,7545.5,3.0
1558088052986,7545.4,8.0
1558088053641,7545.6,8.0
1558088053755,7545.5,3.0
1558088053808,7545.4,8.0
1558088053968,7545.6,8.0
1558088054351,7545.5,3.0
1558088054404,7545.4,8.0
1558088055113,7545.6,8.0
1558088056564,7545.2,3.0
1558088056567,7545.0,3.0
1558088056568,7545.2,3.0
1558088056620,7545.1,8.0
1558088056621,7545.0,3.0
1558088056622,7545.1,8.0
1558088058087,7545.0,3.0
1558088058089,7545.1,8.0
1558088058205,7545.0,3.0
1558088058220,7545.1,8.0
1558088058409,7545.0,3.0
1558088058462,7544.9,8.0
1558088058896,7544.7,3.0
1558088058897,7544.9,8.0
1558088058912,7545.2,3.0
1558088058962,7545.1,8.0
1558088059080,7545.0,3.0
1558088059087,7545.1,8.0
1558088060123,7545.5,3.0
1558088060173,7545.4,8.0
1558088060339,7545.2,3.0
1558088060392,7545.1,8.0
1558088061033,7545.5,3.0
1558088061083,7545.4,8.0
1558088066583,7545.2,3.0
1558088066705,7544.7,3.0
1558088066892,7544.6,8.0
1558088068197,7545.0,11.0
1558088068246,7544.9,8.0
1558088068622,7544.5,3.0
1558088068623,7544.7,3.0
1558088068673,7544.6,8.0
1558088068686,7544.9,8.0
1558088069059,7544.7,3.0
1558088069083,7544.9,8.0
1558088069932,7545.2,3.0
1558088069981,7545.1,8.0
1558088071219,7545.0,3.0
1558088071223,7545.1,8.0
1558088072439,7545.5,3.0
1558088072481,7545.2,3.0
1558088072533,7545.1,8.0
1558088072993,7545.0,3.0
1558088073046,7544.9,8.0
1558088074758,7545.2,3.0
1558088074808,7545.1,8.0
1558088075280,7545.0,3.0
1558088075333,7544.9,8.0
1558088076997,7545.2,3.0
1558088077048,7545.1,8.0
1558088077700,7545.0,3.0
1558088077713,7545.1,8.0
1558088078400,7545.0,3.0
1558088078452,7544.9,8.0
1558088079598,7544.7,3.0
1558088079601,7544.9,8.0
1558088079625,7544.7,3.0
1558088079647,7544.2,3.0
1558088079963,7544.0,3.0
1558088080016,7543.9,8.0
1558088080146,7544.1,8.0
1558088081202,7544.4,8.0
1558088081648,7544.7,11.0
1558088081699,7544.6,8.0
1558088081841,7544.5,3.0
1558088081894,7544.4,8.0
1558088081928,7544.7,11.0
1558088081962,7544.5,3.0
1558088082015,7544.4,8.0
1558088083545,7544.2,3.0
1558088083567,7544.4,8.0
1558088083720,7544.2,3.0
1558088083733,7544.4,8.0
1558088083989,7544.2,3.0
1558088084083,7544.4,3.0
1558088084974,7544.2,3.0
1558088086082,7544.4,3.0
1558088086552,7544.2,3.0
1558088086681,7544.1,8.0
1558088086776,7544.4,8.0
1558088087009,7544.2,3.0
1558088087061,7544.1,8.0
1558088087190,7544.0,3.0
1558088087243,7543.9,8.0
1558088088455,7544.1,8.0
1558088088500,7544.0,3.0
1558088088554,7543.9,8.0
1558088089066,7544.1,8.0
1558088089097,7544.0,3.0
1558088089150,7543.9,8.0
1558088090536,7543.7,3.0
1558088090788,7544.0,3.0
1558088090823,7544.1,8.0
1558088091061,7544.0,3.0
1558088091113,7543.9,8.0
1558088091994,7544.1,8.0
1558088092006,7544.0,3.0
1558088092007,7544.1,8.0
1558088092234,7544.0,3.0
1558088092286,7543.9,8.0
1558088093487,7544.1,8.0
1558088093683,7544.0,3.0
1558088093736,7543.9,8.0
1558088093922,7544.1,8.0
1558088094950,7544.0,3.0
1558088095003,7543.9,8.0
1558088096023,7544.1,8.0
1558088096240,7544.0,3.0
1558088096251,7544.1,8.0
1558088096545,7544.0,3.0
1558088096599,7543.9,8.0
1558088098507,7544.1,8.0
1558088099755,7544.0,3.0
1558088099808,7543.9,8.0
1558088100036,7544.1,8.0
1558088100069,7544.0,3.0
1558088100120,7543.9,8.0
1558088100489,7544.1,8.0
1558088100976,7544.4,8.0
1558088101309,7544.7,11.0
1558088101840,7544.5,11.0
1558088101842,7544.7,11.0
1558088101893,7544.6,8.0
1558088102166,7545.0,11.0
1558088102207,7545.2,3.0
1558088102216,7545.0,3.0
1558088102264,7544.7,3.0
1558088102488,7545.0,11.0
1558088102538,7544.9,8.0
1558088104142,7545.2,3.0
1558088104193,7545.1,8.0
1558088104850,7545.5,3.0
1558088104899,7545.4,8.0
1558088108958,7545.6,8.0
1558088108960,7545.9,8.0
1558088108962,7545.7,3.0
1558088108964,7545.9,8.0
1558088109061,7545.7,3.0
1558088109142,7545.6,8.0
1558088110412,7545.5,3.0
1558088110452,7545.6,8.0
1558088111620,7545.5,3.0
1558088111672,7545.4,8.0
1558088113008,7545.2,3.0
1558088113011,7545.4,8.0
1558088113039,7545.2,3.0
1558088113049,7545.4,8.0
1558088113745,7545.2,3.0
1558088114092,7545.5,3.0
1558088114143,7545.4,8.0
1558088116585,7545.5,3.0
1558088116586,7545.6,8.0
1558088116588,7545.5,3.0
1558088116640,7545.4,8.0
1558088116976,7545.6,8.0
1558088117068,7545.5,3.0
1558088117121,7545.4,8.0
1558088117345,7545.6,8.0
1558088117422,7545.5,3.0
1558088117446,7545.6,8.0
1558088117802,7545.5,3.0
1558088117857,7545.4,8.0
1558088117871,7545.6,8.0
1558088117921,7545.5,3.0
1558088117974,7545.4,8.0
1558088118009,7545.6,8.0
1558088119039,7545.5,3.0
1558088119075,7545.6,8.0
1558088119306,7545.5,3.0
1558088119358,7545.4,8.0
1558088120476,7545.2,3.0
1558088120537,7545.1,8.0
1558088123730,7545.0,3.0
1558088123807,7545.5,3.0
1558088123858,7545.4,8.0
1558088124027,7545.2,3.0
1558088124145,7545.5,3.0
1558088124195,7545.4,8.0
1558088125151,7545.2,3.0
1558088125205,7545.1,8.0
1558088125878,7545.5,3.0
1558088125927,7545.2,3.0
1558088126248,7545.1,8.0
1558088129075,7545.0,3.0
1558088129086,7545.1,8.0
1558088131118,7545.5,3.0
1558088131168,7545.4,8.0
1558088131265,7545.6,8.0
1558088131384,7545.5,3.0
1558088131438,7545.4,8.0
1558088131539,7545.6,8.0
1558088131587,7545.5,3.0
1558088131607,7545.6,8.0
1558088132387,7545.5,3.0
1558088132400,7545.6,8.0
1558088134039,7545.5,3.0
1558088134041,7545.2,3.0
1558088134167,7545.5,3.0
1558088134216,7545.4,8.0
1558088135257,7545.6,8.0
1558088135278,7545.5,3.0
1558088135342,7545.4,8.0
1558088135391,7545.2,3.0
1558088136910,7545.5,3.0
1558088136959,7545.4,8.0
1558088137966,7545.2,3.0
1558088138019,7545.1,8.0
1558088138351,7545.5,3.0
1558088138401,7545.4,8.0
1558088139586,7545.6,8.0
1558088139587,7545.5,3.0
1558088139598,7545.6,8.0
1558088140790,7545.5,3.0
1558088140842,7545.4,8.0
1558088144432,7545.6,8.0
1558088146248,7545.7,3.0
1558088146268,7545.9,8.0
1558088147534,7545.7,3.0
1558088147566,7545.9,8.0
1558088147861,7545.7,3.0
1558088147863,7545.5,3.0
1558088147873,7545.7,3.0
1558088147911,7545.6,8.0
1558088148358,7545.5,3.0
1558088148411,7545.4,8.0
1558088148571,7545.6,8.0
1558088148900,7545.5,3.0
1558088148953,7545.4,8.0
1558088149005,7545.6,8.0
1558088149507,7545.5,3.0
1558088149560,7545.4,8.0
1558088151634,7545.6,8.0
1558088152003,7545.5,3.0
1558088152057,7545.4,8.0
1558088155118,7545.2,3.0
1558088155171,7545.1,8.0
1558088156319,7545.5,3.0
1558088156368,7545.4,8.0
1558088156682,7545.6,8.0
1558088163702,7545.5,3.0
1558088163752,7545.6,8.0
1558088165899,7545.5,3.0
1558088165952,7545.4,8.0
1558088166168,7545.2,3.0
1558088167960,7545.1,8.0
1558088174693,7545.0,3.0
1558088174746,7544.9,8.0
1558088174827,7545.2,3.0
1558088174877,7545.1,8.0
1558088182042,7545.0,3.0
1558088182096,7544.9,8.0
1558088185423,7545.2,3.0
1558088185471,7545.1,8.0
1558088186315,7545.5,3.0
1558088186365,7545.4,8.0
1558088190371,7545.6,8.0
1558088190374,7545.5,3.0
1558088190379,7545.2,3.0
1558088190432,7545.1,8.0
1558088190480,7545.0,3.0
1558088190534,7544.9,8.0
1558088193425,7545.2,3.0
1558088193433,7545.0,3.0
1558088193434,7545.2,3.0
1558088193474,7545.1,8.0
1558088195756,7545.0,3.0
1558088195809,7544.9,8.0
1558088196100,7545.2,3.0
1558088196150,7545.1,8.0
1558088197521,7545.5,3.0
1558088197570,7545.4,8.0
1558088201365,7545.6,8.0
1558088202034,7545.9,8.0
1558088209231,7545.7,3.0
1558088209233,7545.5,3.0
1558088209234,7545.7,3.0
1558088209285,7545.6,8.0
1558088216479,7545.5,3.0
1558088216532,7545.4,8.0
1558088216648,7545.6,8.0
1558088218348,7545.5,3.0
1558088218401,7545.4,8.0
1558088219906,7545.6,8.0
1558088221183,7545.5,3.0
1558088221235,7545.4,8.0
1558088221434,7545.6,8.0
1558088225828,7545.2,3.0
1558088225829,7545.5,3.0
1558088225879,7545.4,8.0
1558088226214,7545.6,8.0
1558088227851,7545.9,8.0
1558088229478,7545.7,3.0
1558088229786,7545.6,8.0
1558088230390,7545.9,8.0
1558088230413,7545.7,3.0
1558088230465,7545.6,8.0
1558088231113,7545.9,8.0
1558088234976,7545.7,3.0
1558088235016,7545.9,8.0
1558088237848,7545.7,3.0
1558088239019,7545.6,8.0
1558088239057,7545.9,8.0
1558088241913,7545.7,3.0
1558088241966,7545.6,8.0
1558088243188,7545.5,3.0
1558088243195,7545.6,8.0
1558088247823,7545.5,3.0
1558088247825,7545.6,8.0
1558088250847,7545.9,8.0
1558088252177,7545.7,3.0
1558088252201,7545.9,8.0
1558088252743,7545.7,3.0
1558088253821,7545.5,3.0
1558088253823,7545.2,3.0
1558088253875,7545.1,8.0
1558088254222,7545.0,3.0
1558088254273,7544.9,8.0
1558088257038,7545.2,3.0
1558088257089,7545.1,8.0
1558088257447,7545.5,3.0
1558088257498,7545.4,8.0
1558088261166,7545.6,8.0
1558088261180,7545.5,3.0
1558088261234,7545.4,8.0
1558088261235,7545.6,8.0
1558088261275,7545.5,3.0
1558088261328,7545.4,8.0
1558088261930,7545.6,8.0
1558088263318,7545.5,3.0
1558088263370,7545.4,8.0
1558088263617,7545.6,8.0
1558088264823,7545.5,3.0
1558088264873,7545.4,8.0
1558088265054,7545.6,8.0
1558088265209,7545.5,3.0
1558088265262,7545.4,8.0
1558088268211,7545.6,8.0
1558088270399,7545.5,3.0
1558088270452,7545.4,8.0
1558088272392,7545.2,3.0
1558088272454,7545.4,8.0
1558088272474,7545.2,3.0
1558088272475,7545.4,8.0
1558088273550,7545.2,3.0
1558088273605,7545.1,8.0
1558088274003,7545.5,3.0
1558088274055,7545.4,8.0
1558088278875,7545.2,3.0
1558088278879,7545.4,8.0
1558088281184,7545.2,3.0
1558088281234,7545.1,8.0
1558088281709,7545.5,3.0
1558088281760,7545.4,8.0
1558088282389,7545.2,3.0
1558088284292,7545.5,3.0
1558088284343,7545.4,8.0
1558088284836,7545.2,3.0
1558088284889,7545.1,8.0
1558088285911,7545.0,3.0
1558088285962,7544.9,8.0
1558088286468,7545.2,3.0
1558088286593,7545.1,8.0
1558088288041,7545.5,3.0
1558088288091,7545.4,8.0
1558088289136,7545.2,3.0
1558088289189,7545.1,8.0
1558088289820,7545.5,3.0
1558088289869,7545.4,8.0
1558088289998,7545.5,3.0
1558088290051,7545.4,8.0
1558088291309,7545.2,3.0
1558088291362,7545.1,8.0
1558088292003,7545.5,3.0
1558088292053,7545.4,8.0
1558088292850,7545.2,3.0
1558088292904,7545.1,8.0
1558088294432,7545.5,3.0
1558088294482,7545.4,8.0
1558088295460,7545.6,8.0
1558088298371,7545.5,3.0
1558088298423,7545.4,8.0
1558088298812,7545.6,8.0
1558088300979,7545.7,3.0
1558088301016,7545.5,3.0
1558088301026,7545.7,3.0
1558088301030,7545.6,8.0
1558088301772,7545.5,3.0
1558088301825,7545.4,8.0
1558088301827,7545.6,8.0
1558088301903,7545.5,3.0
1558088301957,7545.4,8.0
1558088303967,7545.2,3.0
1558088304415,7545.5,3.0
1558088304465,7545.4,8.0
1558088307038,7545.5,3.0
1558088307090,7545.4,8.0
1558088307376,7545.6,8.0
1558088307844,7546.2,11.0
1558088307915,7546.0,3.0
1558088307968,7545.9,8.0
1558088308143,7546.2,11.0
1558088308192,7546.1,8.0
1558088310148,7546.5,11.0
1558088310198,7546.4,8.0
1558088311844,7546.7,3.0
1558088311894,7546.6,8.0
1558088312442,7547.0,3.0
1558088312497,7546.9,8.0
1558088312541,7547.1,8.0
1558088313208,7547.0,3.0
1558088313260,7546.9,8.0
1558088313840,7547.1,8.0
1558088314019,7547.5,3.0
1558088314072,7547.4,8.0
1558088314118,7547.2,3.0
1558088314227,7547.1,8.0
1558088314253,7547.4,8.0
1558088317004,7547.5,3.0
1558088317056,7547.4,8.0
1558088318475,7547.7,11.0
1558088318526,7547.6,8.0
1558088318533,7547.5,3.0
1558088318586,7547.4,8.0
1558088318641,7547.2,3.0
1558088318694,7547.1,8.0
1558088318921,7547.0,3.0
1558088318974,7546.9,8.0
1558088319360,7547.1,8.0
1558088320023,7547.4,8.0
1558088320129,7547.2,3.0
1558088320182,7547.1,8.0
1558088320673,7547.4,8.0
1558088322725,7547.2,3.0
1558088322726,7547.4,8.0
1558088323147,7547.5,3.0
1558088323200,7547.4,8.0
1558088323865,7547.7,11.0
1558088323914,7547.6,8.0
1558088324635,7547.5,3.0
1558088324688,7547.4,8.0
1558088326069,7547.5,3.0
1558088326071,7547.7,11.0
1558088326122,7547.6,8.0
1558088330235,7548.0,11.0
1558088331217,7548.2,3.0
1558088331269,7548.1,8.0
1558088332592,7548.0,3.0
1558088332645,7547.9,8.0
1558088333771,7548.2,3.0
1558088333823,7548.1,8.0
1558088333828,7548.5,3.0
1558088333850,7548.6,8.0
1558088334038,7548.5,3.0
1558088334039,7548.6,8.0
1558088334661,7548.5,3.0
1558088334714,7548.4,8.0
1558088335019,7548.2,3.0
1558088335029,7548.4,8.0
1558088335092,7548.2,3.0
1558088335103,7548.4,8.0
1558088335235,7548.2,3.0
1558088335248,7548.4,8.0
1558088335416,7548.2,3.0
1558088335819,7548.5,3.0
1558088335870,7548.4,8.0
1558088337699,7548.5,3.0
1558088337701,7548.6,8.0
1558088338010,7548.9,8.0
1558088338135,7548.7,3.0
1558088338257,7548.6,8.0
1558088338467,7548.9,8.0
1558088339025,7548.7,3.0
1558088339506,7548.9,8.0
1558088342208,7548.7,3.0
1558088342273,7548.6,8.0
1558088342321,7548.9,8.0
1558088342656,7548.7,3.0
1558088342660,7548.5,3.0
1558088342661,7548.2,3.0
1558088342732,7548.1,8.0
1558088342768,7548.0,3.0
1558088342776,7548.1,8.0
1558088342854,7548.0,3.0
1558088342868,7548.1,8.0
1558088343023,7548.0,3.0
1558088343024,7547.7,3.0
1558088343028,7547.5,3.0
1558088343029,7547.7,3.0
1558088343030,7547.5,3.0
1558088343037,7547.7,3.0
1558088343087,7547.6,8.0
1558088343097,7547.5,3.0
1558088343149,7547.4,8.0
1558088343393,7547.7,11.0
1558088343441,7547.6,8.0
1558088343560,7547.5,3.0
1558088343613,7547.4,8.0
1558088343797,7547.7,11.0
1558088343800,7548.0,11.0
1558088343822,7547.7,3.0
1558088343832,7548.0,11.0
1558088343885,7547.9,8.0
1558088343925,7547.7,3.0
1558088343936,7547.9,8.0
1558088345323,7548.2,3.0
1558088345374,7548.1,8.0
1558088345751,7548.0,3.0
1558088345804,7547.9,8.0
1558088348675,7548.2,3.0
1558088348726,7548.1,8.0
1558088349450,7548.0,3.0
1558088349503,7547.9,8.0
1558088350399,7548.2,3.0
1558088350453,7548.1,8.0
1558088351300,7548.5,3.0
1558088351352,7548.4,8.0
1558088351467,7548.6,8.0
1558088351680,7548.9,8.0
1558088352445,7549.2,11.0
1558088352637,7549.5,11.0
1558088355258,7549.7,3.0
1558088355308,7549.6,8.0
1558088357213,7550.0,3.0
1558088357264,7549.9,8.0
1558088357358,7549.7,3.0
1558088357410,7549.6,8.0
1558088358159,7549.5,3.0
1558088358211,7549.4,8.0
1558088358412,7549.7,3.0
1558088358463,7549.6,8.0
1558088358925,7549.5,3.0
1558088358978,7549.4,8.0
1558088360045,7549.2,3.0
1558088360071,7549.0,3.0
1558088360124,7548.9,8.0
1558088360397,7549.0,3.0
1558088360399,7549.2,11.0
1558088360449,7549.1,8.0
1558088362845,7549.5,11.0
1558088362895,7549.4,8.0
1558088364801,7549.7,3.0
1558088364865,7549.6,8.0
1558088364893,7550.0,3.0
1558088364894,7549.7,3.0
1558088364950,7549.6,8.0
1558088366101,7549.7,3.0
1558088366354,7549.6,8.0
1558088367131,7550.0,3.0
1558088367182,7549.9,8.0
1558088367418,7549.7,3.0
1558088367444,7549.9,8.0
1558088368027,7549.7,3.0
1558088368196,7549.6,8.0
1558088368944,7550.0,3.0
1558088368995,7549.9,8.0
1558088371643,7550.1,8.0
1558088371646,7550.2,3.0
1558088371648,7550.4,8.0
1558088371654,7550.2,3.0
1558088371709,7550.1,8.0
1558088371759,7550.0,3.0
1558088371766,7550.1,8.0
1558088371934,7550.0,3.0
1558088371935,7550.1,8.0
1558088371991,7550.0,3.0
1558088372045,7549.9,8.0
1558088372230,7549.7,3.0
1558088372271,7549.9,8.0
1558088372361,7549.7,3.0
1558088373713,7549.6,8.0
1558088374428,7550.0,3.0
1558088374479,7549.9,8.0
1558088375008,7549.7,3.0
1558088375061,7549.6,8.0
1558088376013,7550.0,3.0
1558088376014,7549.7,3.0
1558088376203,7550.0,3.0
1558088376254,7549.9,8.0
1558088376746,7550.1,8.0
1558088377162,7550.0,3.0
1558088377168,7549.7,3.0
1558088377204,7550.0,3.0
1558088377257,7549.9,8.0
1558088377361,7549.7,3.0
1558088377602,7550.0,3.0
1558088377652,7549.9,8.0
1558088378037,7549.7,3.0
1558088378137,7549.9,3.0
1558088378685,7549.7,3.0
1558088378712,7549.9,8.0
1558088379284,7549.7,3.0
1558088379343,7549.6,8.0
1558088380624,7550.0,3.0
1558088380674,7549.9,8.0
1558088381034,7549.7,3.0
1558088381218,7549.6,8.0
1558088381414,7550.0,3.0
1558088381464,7549.9,8.0
1558088381804,7549.7,3.0
1558088381816,7549.9,8.0
1558088381876,7549.7,3.0
1558088381879,7549.5,3.0
1558088381932,7549.4,8.0
1558088382272,7549.7,3.0
1558088382323,7549.6,8.0
1558088382692,7550.0,3.0
1558088382742,7549.9,8.0
1558088383213,7549.7,3.0
1558088383865,7550.0,3.0
1558088383916,7549.9,8.0
1558088384193,7549.7,3.0
1558088384209,7549.9,8.0
1558088387042,7549.7,3.0
1558088387096,7549.6,8.0
1558088387612,7549.5,3.0
1558088387663,7549.4,8.0
1558088389753,7549.7,3.0
1558088389804,7549.6,8.0
1558088390050,7550.0,3.0
1558088390102,7549.9,8.0
1558088390744,7549.7,3.0
1558088390797,7549.6,8.0
1558088391657,7550.0,3.0
1558088391707,7549.9,8.0
1558088392308,7549.7,3.0
1558088392462,7549.6,8.0
1558088392759,7550.0,3.0
1558088392810,7549.9,8.0
1558088392871,7549.7,3.0
1558088392872,7549.9,8.0
1558088393877,7549.7,3.0
1558088394049,7550.0,3.0
1558088394101,7549.9,8.0
1558088397164,7550.1,8.0
1558088397773,7550.4,8.0
1558088397853,7550.2,3.0
1558088397906,7550.1,8.0
1558088398796,7550.0,3.0
1558088398849,7549.9,8.0
1558088399530,7550.1,8.0
1558088399572,7550.0,3.0
1558088399624,7549.9,8.0
1558088400149,7550.1,8.0
1558088400337,7550.4,8.0
1558088400356,7550.2,3.0
1558088400410,7550.1,8.0
1558088400579,7550.4,8.0
1558088400878,7550.2,3.0
1558088400933,7550.1,8.0
1558088400994,7550.4,8.0
1558088401044,7550.2,3.0
1558088401046,7550.4,8.0
1558088401369,7550.2,3.0
1558088401457,7550.1,8.0
1558088402411,7550.0,3.0
1558088402464,7549.9,8.0
1558088403799,7550.1,8.0
1558088403800,7550.0,3.0
1558088403818,7550.1,8.0
1558088403829,7550.4,8.0
1558088404980,7550.2,3.0
1558088405564,7550.0,3.0
1558088405565,7550.2,11.0
1558088405615,7550.1,8.0
1558088405697,7550.0,3.0
1558088405750,7549.9,8.0
1558088406121,7550.1,8.0
1558088406123,7550.2,3.0
1558088406178,7550.1,8.0
1558088409353,7550.0,3.0
1558088409405,7549.9,8.0
1558088409648,7550.1,8.0
1558088409652,7550.0,3.0
1558088409654,7550.1,8.0
1558088410596,7550.0,3.0
1558088410649,7549.9,8.0
1558088411873,7550.1,8.0
1558088411877,7550.0,3.0
1558088411921,7550.1,8.0
1558088412433,7550.0,3.0
1558088412485,7549.9,8.0
1558088412835,7550.1,8.0
1558088413077,7550.0,3.0
1558088413131,7549.9,8.0
1558088413344,7550.1,8.0
1558088413418,7550.0,3.0
1558088413436,7550.1,8.0
1558088413585,7550.0,3.0
1558088413638,7549.9,8.0
1558088413719,7550.0,3.0
1558088413729,7550.1,8.0
1558088416195,7550.4,8.0
1558088417915,7550.2,3.0
1558088417920,7550.0,3.0
1558088417970,7549.9,8.0
1558088419224,7550.1,8.0
1558088419640,7550.4,8.0
1558088422293,7550.7,11.0
1558088423040,7550.5,3.0
1558088423092,7550.4,8.0
1558088423896,7550.7,11.0
1558088424403,7550.5,3.0
1558088424456,7550.4,8.0
1558088424693,7550.7,11.0
1558088425382,7551.0,11.0
1558088425634,7551.2,3.0
1558088425685,7551.1,8.0
1558088425689,7551.0,3.0
1558088425700,7551.1,8.0
1558088425704,7551.0,3.0
1558088425758,7550.9,8.0
1558088426224,7550.7,3.0
1558088426277,7550.6,8.0
1558088426483,7551.0,11.0
1558088426533,7550.9,8.0
1558088427090,7550.7,3.0
1558088427144,7550.6,8.0
1558088427262,7551.0,11.0
1558088427313,7550.9,8.0
1558088428926,7551.2,3.0
1558088428938,7551.0,3.0
1558088428990,7550.9,8.0
1558088429649,7550.7,3.0
1558088429650,7550.9,8.0
1558088429651,7550.7,3.0
1558088429979,7550.6,8.0
1558088430437,7551.0,11.0
1558088430488,7550.9,8.0
1558088430636,7550.7,3.0
1558088430689,7550.6,8.0
1558088433632,7551.0,11.0
1558088433682,7550.7,3.0
1558088433736,7550.6,8.0
1558088434054,7550.7,3.0
1558088434091,7551.0,11.0
1558088434143,7550.9,8.0
1558088434411,7550.7,3.0
1558088434464,7550.6,8.0
1558088435423,7551.0,11.0
1558088435474,7550.9,8.0
1558088435530,7550.7,3.0
1558088435539,7550.9,8.0
1558088436099,7551.2,3.0
1558088436149,7551.1,8.0
1558088438280,7551.0,3.0
1558088438332,7550.9,8.0
1558088438617,7551.2,3.0
1558088438622,7551.0,3.0
1558088438624,7551.2,3.0
1558088438673,7551.1,8.0
1558088439776,7551.2,3.0
1558088439829,7551.1,8.0
1558088440376,7551.5,3.0
1558088440426,7551.4,8.0
1558088440806,7551.2,3.0
1558088440816,7551.4,8.0
1558088442362,7551.2,3.0
1558088442372,7551.4,8.0
1558088443573,7551.6,8.0
1558088443848,7551.9,8.0
1558088443849,7551.7,3.0
1558088443900,7551.6,8.0
1558088443963,7551.5,3.0
1558088444015,7551.4,8.0
1558088444213,7551.5,3.0
1558088444266,7551.4,8.0
1558088445173,7551.6,8.0
1558088446472,7551.9,8.0
1558088446476,7551.7,3.0
1558088446486,7551.9,8.0
1558088446953,7551.7,3.0
1558088446959,7551.9,8.0
1558088446962,7552.0,3.0
1558088446964,7551.7,3.0
1558088446965,7552.0,3.0
1558088447016,7551.9,8.0
1558088447368,7552.2,11.0
1558088447369,7552.0,3.0
1558088447370,7552.2,11.0
1558088447421,7552.1,8.0
1558088447521,7552.0,3.0
1558088447533,7552.1,8.0
1558088449495,7552.0,3.0
1558088449548,7551.9,8.0
1558088449567,7552.2,11.0
1558088449755,7552.1,8.0
1558088449951,7552.0,3.0
1558088450005,7551.9,8.0
1558088450173,7551.7,3.0
1558088450229,7551.6,8.0
1558088451211,7551.9,8.0
1558088451441,7551.7,3.0
1558088451645,7551.9,3.0
1558088451851,7551.7,3.0
1558088451961,7551.6,8.0
1558088452966,7551.9,8.0
1558088453816,7551.7,3.0
1558088453835,7551.9,8.0
1558088453948,7551.7,3.0
1558088453959,7551.9,8.0
1558088454093,7551.7,3.0
1558088454112,7551.9,8.0
1558088454784,7551.7,3.0
1558088454896,7551.9,3.0
1558088455046,7551.7,3.0
1558088455079,7551.9,8.0
1558088455186,7551.7,3.0
1558088455217,7551.9,8.0
1558088455630,7551.7,3.0
1558088455681,7551.6,8.0
1558088459693,7551.9,8.0
1558088459699,7551.7,3.0
1558088459700,7551.9,8.0
1558088459941,7552.2,11.0
1558088459990,7552.1,8.0
1558088460390,7552.5,11.0
1558088460441,7552.4,8.0
1558088460712,7552.2,3.0
1558088460771,7552.5,11.0
1558088460823,7552.4,8.0
1558088460998,7552.2,3.0
1558088461145,7552.5,11.0
1558088461196,7552.4,8.0
1558088461362,7552.2,3.0
1558088461377,7552.4,8.0
1558088461525,7552.2,3.0
1558088461642,7552.5,11.0
1558088461692,7552.4,8.0
1558088462558,7552.7,3.0
1558088462607,7552.6,8.0
1558088462827,7552.5,3.0
1558088462881,7552.4,8.0
1558088463007,7552.7,3.0
1558088463040,7552.5,3.0
1558088463092,7552.4,8.0
1558088463114,7552.7,3.0
1558088463165,7552.6,8.0
1558088464515,7553.0,3.0
1558088464564,7552.9,8.0
1558088464757,7552.7,3.0
1558088464957,7553.0,3.0
1558088465007,7552.9,8.0
1558088465815,7553.1,8.0
1558088466240,7553.0,3.0
1558088466294,7552.9,8.0
1558088466705,7552.7,3.0
1558088466762,7552.6,8.0
1558088467084,7553.0,3.0
1558088467134,7552.9,8.0
1558088467273,7553.1,8.0
1558088467324,7553.0,3.0
1558088467336,7552.5,3.0
1558088467338,7552.7,3.0
1558088467372,7552.5,3.0
1558088467374,7552.7,3.0
1558088467423,7552.6,8.0
1558088467441,7552.5,3.0
1558088467495,7552.4,8.0
1558088468834,7552.7,3.0
1558088468885,7552.6,8.0
1558088469685,7552.5,3.0
1558088469712,7552.6,8.0
1558088469980,7553.0,3.0
1558088470033,7552.9,8.0
1558088471851,7552.7,3.0
1558088472003,7552.6,8.0
1558088472115,7553.0,3.0
1558088472165,7552.9,8.0
1558088473114,7553.1,8.0
1558088473576,7553.0,3.0
1558088473629,7552.9,8.0
1558088473885,7552.7,3.0
1558088473936,7552.6,8.0
1558088477551,7552.5,3.0
1558088477603,7552.4,8.0
1558088478131,7552.7,3.0
1558088478181,7552.6,8.0
1558088480247,7552.5,3.0
1558088480299,7552.4,8.0
1558088480866,7552.7,3.0
1558088480923,7552.6,8.0
1558088482821,7552.5,3.0
1558088482822,7552.6,8.0
1558088483663,7552.7,3.0
1558088483666,7553.0,3.0
1558088483680,7552.7,3.0
1558088483731,7552.6,8.0
1558088486678,7553.0,3.0
1558088486728,7552.9,8.0
1558088487170,7553.1,8.0
1558088487466,7553.0,3.0
1558088487471,7552.7,3.0
1558088487680,7553.0,3.0
1558088487731,7552.9,8.0
1558088488772,7552.7,3.0
1558088488825,7552.6,8.0
1558088488957,7553.0,3.0
1558088489007,7552.9,8.0
1558088489344,7552.7,3.0
1558088489757,7552.6,8.0
1558088491443,7552.5,3.0
1558088491448,7552.2,3.0
1558088491458,7552.5,3.0
1558088491508,7552.4,8.0
1558088491564,7552.2,3.0
1558088491974,7552.5,11.0
1558088492024,7552.4,8.0
1558088493046,7552.2,3.0
1558088493604,7552.1,8.0
1558088497193,7552.5,11.0
1558088497242,7552.4,8.0
1558088499914,7552.2,3.0
1558088501188,7552.5,11.0
1558088501237,7552.4,8.0
1558088506799,7552.2,3.0
1558088506800,7552.4,8.0
1558088508849,7552.7,3.0
1558088508850,7552.8,8.0
1558088508851,7552.7,3.0
1558088508904,7552.6,8.0
1558088511205,7553.0,3.0
1558088511232,7552.5,3.0
1558088511285,7552.4,8.0
1558088514091,7552.2,3.0
1558088514094,7552.4,8.0
1558088514389,7552.2,3.0
1558088514442,7552.1,8.0
1558088514609,7552.5,11.0
1558088514661,7552.4,8.0
1558088515411,7552.7,3.0
1558088515463,7552.6,8.0
1558088516585,7553.0,3.0
1558088516635,7552.9,8.0
1558088519493,7552.7,3.0
1558088519685,7553.0,3.0
1558088519735,7552.9,8.0
1558088524715,7553.1,8.0
1558088525969,7553.0,3.0
1558088526022,7552.9,8.0
1558088526871,7553.1,8.0
1558088531277,7553.4,8.0
1558088531280,7553.2,3.0
1558088531330,7553.1,8.0
1558088531361,7553.4,8.0
1558088533660,7553.7,11.0
1558088533663,7554.0,11.0
1558088533714,7553.9,8.0
1558088534475,7553.7,3.0
1558088534529,7553.6,8.0
1558088534572,7554.0,11.0
1558088534622,7553.9,8.0
1558088535853,7553.7,3.0
1558088535862,7553.5,3.0
1558088535915,7553.4,8.0
1558088536292,7553.7,11.0
1558088536299,7553.5,3.0
1558088536350,7553.7,11.0
1558088536401,7553.6,8.0
1558088536734,7553.5,3.0
1558088536735,7553.6,8.0
1558088538790,7553.5,3.0
1558088538841,7553.4,8.0
1558088538868,7553.2,3.0
1558088538879,7553.4,8.0
1558088538946,7553.2,3.0
1558088539381,7553.4,3.0
1558088540574,7553.2,3.0
1558088540627,7553.1,8.0
1558088541036,7553.0,3.0
1558088541089,7552.9,8.0
1558088541187,7553.1,8.0
1558088542036,7553.0,3.0
1558088542037,7553.1,8.0
1558088542949,7553.0,3.0
1558088543002,7552.9,8.0
1558088544007,7553.1,8.0
1558088544081,7553.4,8.0
1558088544083,7553.2,3.0
1558088544195,7553.1,8.0
1558088544270,7553.4,8.0
1558088544284,7553.7,11.0
1558088544318,7553.5,3.0
1558088544352,7553.7,11.0
1558088544403,7553.6,8.0
1558088544749,7553.5,3.0
1558088544802,7553.4,8.0
1558088545013,7553.2,3.0
1558088545520,7553.4,3.0
1558088546197,7553.2,3.0
1558088546557,7553.1,8.0
1558088548184,7553.0,3.0
1558088548185,7553.1,8.0
1558088548212,7553.4,8.0
1558088549550,7553.2,3.0
1558088549602,7553.1,8.0
1558088550340,7553.0,3.0
1558088550352,7553.1,8.0
1558088550643,7553.0,3.0
1558088550697,7552.9,8.0
1558088551212,7552.7,3.0
1558088551214,7552.9,8.0
1558088552608,7553.1,8.0
1558088553544,7553.0,3.0
1558088553598,7552.9,8.0
1558088553619,7553.1,8.0
1558088553623,7553.0,3.0
1558088553675,7552.9,8.0
1558088555700,7553.1,8.0
1558088558616,7553.0,3.0
1558088558670,7552.9,8.0
1558088559432,7553.1,8.0
1558088562576,7553.0,3.0
1558088562629,7552.9,8.0
1558088563281,7552.7,3.0
1558088563335,7552.6,8.0
1558088563399,7552.5,3.0
1558088563452,7552.4,8.0
1558088564571,7552.7,3.0
1558088564620,7552.6,8.0
1558088564987,7553.0,3.0
1558088565037,7552.9,8.0
1558088567243,7552.7,3.0
1558088569210,7553.0,3.0
1558088569259,7552.9,8.0
1558088569565,7552.7,3.0
1558088569616,7552.6,8.0
1558088569640,7552.5,3.0
1558088569692,7552.4,8.0
1558088570296,7552.2,3.0
1558088570349,7552.1,8.0
1558088570554,7552.5,11.0
1558088570605,7552.4,8.0
1558088571159,7552.2,3.0
1558088571214,7552.1,8.0
1558088571232,7552.0,3.0
1558088571265,7552.1,8.0
1558088571980,7552.0,3.0
1558088572034,7551.9,8.0
1558088572347,7551.7,3.0
1558088572397,7551.6,8.0
1558088573097,7551.5,3.0
1558088573100,7551.6,8.0
1558088573909,7551.5,3.0
1558088573962,7551.4,8.0
1558088574086,7551.2,3.0
1558088574096,7551.4,8.0
1558088574250,7551.2,3.0
1558088574305,7551.1,8.0
1558088574390,7551.0,3.0
1558088574444,7550.9,8.0
1558088574727,7550.7,3.0
1558088574742,7550.9,8.0
1558088575675,7551.2,3.0
1558088575727,7551.1,8.0
1558088577646,7551.5,3.0
1558088577696,7551.4,8.0
1558088580077,7551.2,3.0
1558088580129,7551.1,8.0
1558088580925,7551.0,3.0
1558088580926,7551.1,8.0
1558088582279,7550.7,3.0
1558088582331,7550.6,8.0
1558088582333,7551.0,3.0
1558088582384,7550.9,8.0
1558088589258,7550.7,3.0
1558088589259,7550.9,8.0
1558088590415,7550.7,3.0
1558088590466,7550.6,8.0
1558088591486,7551.0,11.0
1558088591537,7550.9,8.0
1558088594097,7551.0,3.0
1558088594148,7550.9,8.0
1558088594281,7550.5,3.0
1558088594284,7550.7,3.0
1558088594315,7550.9,8.0
1558088596344,7551.2,3.0
1558088596394,7551.1,8.0
1558088596584,7551.0,3.0
1558088596636,7550.9,8.0
1558088597394,7551.2,3.0
1558088597444,7551.1,8.0
1558088597990,7551.0,3.0
1558088598044,7550.9,8.0
1558088598771,7550.7,3.0
1558088598919,7551.0,11.0
1558088598930,7550.7,3.0
1558088599281,7551.0,11.0
1558088599332,7550.9,8.0
1558088600619,7551.2,3.0
1558088600669,7551.1,8.0
1558088601240,7551.0,3.0
1558088601293,7550.9,8.0
1558088601313,7550.7,3.0
1558088601315,7550.9,8.0
1558088603859,7550.7,3.0
1558088603912,7550.6,8.0
1558088605279,7550.7,3.0
1558088605401,7550.6,8.0
1558088606343,7551.0,11.0
1558088606392,7550.9,8.0
1558088606669,7551.2,3.0
1558088606721,7551.1,8.0
1558088607215,7551.0,3.0
1558088607268,7550.9,8.0
1558088607437,7550.7,3.0
1558088607445,7550.9,8.0
1558088607452,7550.7,3.0
1558088607504,7550.6,8.0
1558088607533,7550.5,3.0
1558088607586,7550.4,8.0
1558088607817,7550.2,3.0
1558088607825,7550.4,8.0
1558088609180,7550.2,3.0
1558088609234,7550.1,8.0
1558088609252,7550.0,3.0
1558088609261,7550.1,8.0
1558088609895,7550.0,3.0
1558088609948,7549.9,8.0
1558088610281,7550.1,8.0
1558088611101,7550.0,3.0
1558088611105,7549.7,3.0
1558088611172,7550.0,3.0
1558088611222,7549.9,8.0
1558088611965,7549.7,3.0
1558088612017,7549.6,8.0
1558088613215,7550.0,3.0
1558088613265,7549.9,8.0
1558088613356,7549.7,3.0
1558088613409,7549.6,8.0
1558088613468,7549.2,3.0
1558088613469,7549.5,3.0
1558088613521,7549.4,8.0
1558088613805,7549.2,3.0
1558088613821,7549.4,8.0
1558088613968,7549.7,3.0
1558088614017,7549.6,8.0
1558088614279,7549.5,3.0
1558088614332,7549.4,8.0
1558088615279,7549.7,3.0
1558088615330,7549.6,8.0
1558088616681,7549.2,3.0
1558088616685,7549.5,3.0
1558088616735,7549.4,8.0
1558088618846,7549.2,3.0
1558088618847,7549.0,3.0
1558088618851,7549.2,3.0
1558088618902,7549.1,8.0
1558088618967,7549.0,3.0
1558088619021,7548.9,8.0
1558088619215,7549.2,11.0
1558088619264,7549.1,8.0
1558088619465,7549.0,3.0
1558088619518,7548.9,8.0
1558088620280,7549.2,11.0
1558088620330,7549.1,8.0
1558088620458,7549.0,3.0
1558088620511,7548.9,8.0
1558088622294,7549.2,11.0
1558088622344,7549.1,8.0
1558088622827,7549.5,11.0
1558088622876,7549.4,8.0
1558088623863,7549.2,3.0
1558088623915,7549.1,8.0
1558088624128,7549.5,11.0
1558088624179,7549.4,8.0
1558088624295,7549.5,3.0
1558088624348,7549.4,8.0
1558088625883,7549.2,3.0
1558088625887,7549.4,8.0
1558088625999,7549.7,3.0
1558088626050,7549.6,8.0
1558088627150,7549.7,3.0
1558088627775,7549.6,8.0
1558088628294,7549.5,3.0
1558088628347,7549.4,8.0
1558088628913,7549.7,3.0
1558088628962,7549.6,8.0
1558088631818,7549.5,3.0
1558088631819,7549.6,8.0
1558088639784,7550.1,8.0
1558088639789,7550.4,8.0
1558088639790,7550.2,3.0
1558088639841,7550.1,8.0
1558088642421,7550.0,3.0
1558088642474,7549.9,8.0
1558088642490,7550.1,8.0
1558088643485,7550.4,8.0
1558088644693,7550.5,3.0
1558088644745,7550.4,8.0
1558088644892,7550.2,3.0
1558088644946,7550.1,8.0
1558088647805,7550.4,8.0
1558088648832,7550.2,3.0
1558088648843,7550.4,8.0
1558088651194,7550.2,3.0
1558088653037,7550.4,3.0
1558088654835,7550.7,11.0
1558088654848,7550.5,3.0
1558088654898,7550.4,8.0
1558088655174,7550.2,3.0
1558088655228,7550.1,8.0
1558088657959,7550.4,8.0
1558088657960,7550.2,3.0
1558088658015,7550.1,8.0
1558088658110,7550.4,8.0
1558088658112,7550.2,3.0
1558088658224,7550.4,3.0
1558088661926,7550.2,3.0
1558088662395,7550.4,3.0
1558088663252,7550.2,3.0
1558088663891,7550.4,3.0
1558088664659,7550.2,3.0
1558088665660,7550.4,3.0
1558088666507,7550.2,3.0
1558088666561,7550.1,8.0
1558088666795,7550.4,8.0
1558088669689,7550.5,3.0
1558088669742,7550.4,8.0
1558088670516,7550.2,3.0
1558088670568,7550.1,8.0
1558088671557,7550.0,3.0
1558088671611,7549.9,8.0
1558088672150,7549.7,3.0
1558088672151,7549.9,8.0
1558088672368,7549.7,3.0
1558088672422,7549.6,8.0
1558088674159,7550.0,3.0
1558088674161,7549.7,3.0
1558088674213,7549.6,8.0
1558088675573,7550.0,3.0
1558088675623,7549.9,8.0
1558088675739,7550.1,8.0
1558088677832,7550.0,3.0
1558088677885,7549.9,8.0
1558088680989,7549.7,3.0
1558088680991,7549.5,3.0
1558088680992,7549.7,3.0
1558088680993,7549.5,3.0
1558088681043,7549.4,8.0
1558088681807,7549.7,3.0
1558088681858,7549.6,8.0
1558088682154,7550.0,3.0
1558088682205,7549.9,8.0
1558088683737,7549.7,3.0
1558088683789,7549.6,8.0
1558088684576,7549.5,3.0
1558088684579,7549.2,3.0
1558088684885,7549.5,11.0
1558088684934,7549.4,8.0
1558088690206,7549.7,3.0
1558088690259,7549.6,8.0
1558088690436,7549.5,3.0
1558088690488,7549.6,8.0
1558088691925,7549.5,3.0
1558088691978,7549.4,8.0
1558088692417,7549.2,3.0
1558088692469,7549.1,8.0
1558088693088,7549.0,3.0
1558088693140,7548.9,8.0
1558088694208,7549.2,11.0
1558088694259,7549.1,8.0
1558088694412,7549.5,11.0
1558088694463,7549.4,8.0
1558088694837,7549.2,3.0
1558088694841,7548.7,3.0
1558088694966,7548.6,8.0
1558088696118,7548.5,3.0
1558088696128,7548.6,8.0
1558088697096,7548.5,3.0
1558088697147,7548.4,8.0
1558088700112,7548.6,8.0
1558088700113,7548.9,8.0
1558088700122,7548.7,3.0
1558088700174,7548.6,8.0
1558088706246,7548.9,8.0
1558088711828,7548.7,3.0
1558088711848,7548.9,8.0
1558088713035,7548.7,3.0
1558088714036,7548.9,3.0
1558088715998,7548.7,3.0
1558088716052,7548.6,8.0
1558088716071,7548.5,3.0
1558088716124,7548.4,8.0
1558088718134,7548.2,3.0
1558088718188,7548.1,8.0
1558088719573,7548.5,3.0
1558088719625,7548.4,8.0
1558088720562,7548.2,3.0
1558088720615,7548.1,8.0
1558088720644,7548.4,8.0
1558088720764,7548.2,3.0
1558088720817,7548.1,8.0
1558088721237,7548.0,3.0
1558088721289,7547.9,8.0
1558088721582,7547.7,3.0
1558088721586,7547.5,3.0
1558088721589,7547.7,3.0
1558088721590,7547.5,3.0
1558088721608,7547.7,3.0
1558088721658,7547.6,8.0
1558088721892,7547.5,3.0
1558088721945,7547.4,8.0
1558088722466,7547.7,3.0
1558088722468,7548.0,11.0
1558088722518,7547.9,8.0
1558088724355,7547.7,3.0
1558088724366,7547.9,8.0
1558088724682,7547.7,3.0
1558088724684,7547.5,3.0
1558088724685,7547.7,3.0
1558088724687,7547.5,3.0
1558088724739,7547.4,8.0
1558088724792,7547.7,11.0
1558088724842,7547.6,8.0
1558088724844,7547.5,3.0
1558088724896,7547.4,8.0
1558088726029,7547.7,11.0
1558088726080,7547.6,8.0
1558088726130,7547.5,3.0
1558088726153,7547.6,8.0
1558088726395,7547.5,3.0
1558088726447,7547.4,8.0
1558088726487,7547.7,11.0
1558088726537,7547.6,8.0
1558088727236,7547.5,3.0
1558088727289,7547.4,8.0
1558088727696,7547.2,3.0
1558088729999,7547.1,8.0
1558088731485,7547.0,3.0
1558088731539,7546.9,8.0
1558088733653,7547.1,8.0
1558088733846,7547.0,3.0
1558088733849,7546.7,3.0
1558088733879,7547.0,3.0
1558088733916,7546.7,3.0
1558088733970,7546.6,8.0
1558088735051,7546.5,3.0
1558088735104,7546.4,8.0
1558088736008,7546.7,3.0
1558088736122,7546.6,8.0
1558088736189,7547.0,3.0
1558088736239,7546.9,8.0
1558088736846,7547.1,8.0
1558088737172,7547.0,3.0
1558088737225,7546.9,8.0
1558088737269,7546.7,3.0
1558088737748,7546.6,8.0
1558088738205,7546.5,3.0
1558088738215,7546.6,8.0
1558088738319,7546.5,3.0
1558088738330,7546.6,8.0
1558088739857,7546.5,3.0
1558088739910,7546.4,8.0
1558088740220,7546.7,3.0
1558088740270,7546.6,8.0
1558088740635,7547.0,3.0
1558088740685,7546.9,8.0
1558088740706,7546.7,3.0
1558088740848,7547.0,3.0
1558088740899,7546.9,8.0
1558088741264,7547.1,8.0
1558088742899,7547.0,3.0
1558088742951,7546.9,8.0
1558088743209,7547.1,8.0
1558088746097,7547.4,8.0
1558088746098,7547.2,3.0
1558088748484,7547.0,3.0
1558088748535,7546.9,8.0
1558088749538,7546.7,3.0
1558088749643,7546.6,8.0
1558088751173,7546.5,3.0
1558088751184,7546.2,3.0
1558088751232,7546.1,8.0
1558088752242,7546.2,3.0
1558088752519,7546.5,11.0
1558088752526,7546.2,3.0
1558088755309,7546.5,11.0
1558088755358,7546.4,8.0
1558088759162,7546.7,3.0
1558088759213,7546.6,8.0
1558088759246,7547.0,3.0
1558088759301,7546.9,8.0
1558088759622,7547.1,8.0
1558088760284,7547.0,3.0
1558088760337,7546.9,8.0
1558088762144,7547.1,8.0
1558088766075,7547.4,8.0
1558088768769,7547.7,11.0
1558088769268,7548.0,11.0
1558088769270,7548.2,3.0
1558088769320,7548.1,8.0
1558088769377,7548.5,3.0
1558088769426,7548.4,8.0
1558088769456,7548.2,3.0
1558088769470,7548.4,8.0
1558088769540,7548.2,3.0
1558088769665,7548.1,8.0
1558088769736,7548.5,3.0
1558088769786,7548.4,8.0
1558088769796,7548.2,3.0
1558088769953,7548.5,3.0
1558088770004,7548.4,8.0
1558088770293,7548.2,3.0
1558088770346,7548.1,8.0
1558088770478,7548.0,3.0
1558088770531,7547.9,8.0
1558088771931,7548.2,3.0
1558088771980,7548.1,8.0
1558088773868,7548.0,3.0
1558088773921,7547.9,8.0
1558088776333,7548.2,3.0
1558088776383,7548.1,8.0
1558088776685,7548.0,3.0
1558088776738,7547.9,8.0
1558088777827,7548.2,3.0
1558088777877,7548.1,8.0
1558088777960,7548.0,3.0
1558088778013,7547.9,8.0
1558088778259,7548.2,3.0
1558088778309,7548.1,8.0
1558088778729,7548.0,3.0
1558088778782,7547.9,8.0
1558088780389,7547.7,3.0
1558088780758,7548.0,11.0
1558088780809,7547.9,8.0
1558088781935,7548.2,3.0
1558088781985,7548.1,8.0
1558088788932,7548.0,3.0
1558088788985,7547.9,8.0
1558088790276,7548.0,3.0
1558088790329,7547.9,8.0
1558088793482,7548.2,3.0
1558088793499,7548.0,3.0
1558088793552,7547.9,8.0
1558088794629,7548.2,3.0
1558088794680,7548.1,8.0
1558088797321,7548.0,3.0
1558088797372,7547.9,8.0
1558088803692,7548.2,3.0
1558088803742,7548.1,8.0
1558088805328,7548.0,3.0
1558088805331,7547.7,3.0
1558088805336,7548.0,3.0
1558088805385,7547.9,8.0
1558088812117,7547.7,3.0
1558088812159,7547.9,8.0
1558088812866,7547.7,3.0
1558088814080,7547.6,8.0
1558088816455,7548.0,11.0
1558088816506,7547.9,8.0
1558088819405,7547.7,3.0
1558088823374,7547.6,8.0
1558088823890,7547.5,3.0
1558088823893,7547.2,3.0
1558088823894,7547.5,3.0
1558088823898,7547.2,3.0
1558088823955,7547.1,8.0
1558088823971,7547.0,3.0
1558088824024,7546.9,8.0
1558088827171,7547.1,8.0
1558088828561,7547.0,3.0
1558088828614,7546.9,8.0
1558088830497,7547.1,8.0
1558088833171,7547.0,3.0
1558088833224,7546.9,8.0
1558088839661,7546.7,3.0
1558088839665,7546.5,3.0
1558088839686,7546.2,3.0
1558088839693,7546.5,3.0
1558088839743,7546.4,8.0
1558088839746,7546.2,3.0
1558088839747,7546.4,8.0
1558088839926,7546.2,3.0
1558088839944,7546.4,8.0
1558088840082,7546.2,3.0
1558088840094,7546.4,8.0
1558088840136,7546.2,3.0
1558088840146,7546.4,8.0
1558088840506,7546.2,3.0
1558088840567,7546.1,8.0
1558088844968,7546.0,3.0
1558088845021,7545.9,8.0
1558088846742,7546.2,11.0
1558088846793,7546.1,8.0
1558088847865,7546.5,11.0
1558088847915,7546.4,8.0
1558088849094,7546.2,3.0
1558088849107,7546.4,8.0
1558088849122,7546.2,3.0
1558088849163,7546.4,8.0
1558088851124,7546.2,3.0
1558088851385,7546.5,11.0
1558088851435,7546.4,8.0
1558088851920,7546.2,3.0
1558088851973,7546.1,8.0
1558088855139,7546.5,11.0
1558088855190,7546.4,8.0
1558088857411,7546.2,3.0
1558088857492,7546.5,3.0
1558088857542,7546.4,8.0
1558088867923,7546.7,3.0
1558088867974,7546.6,8.0
1558088868509,7546.2,3.0
1558088868510,7546.5,3.0
1558088868561,7546.4,8.0
1558088868956,7546.7,3.0
1558088869007,7546.6,8.0
1558088869678,7546.5,3.0
1558088869712,7546.6,8.0
1558088879729,7546.5,3.0
1558088879782,7546.4,8.0
1558088880004,7546.7,3.0
1558088880054,7546.6,8.0
1558088889967,7546.5,3.0
1558088890020,7546.4,8.0
1558088890563,7546.7,3.0
1558088890615,7546.6,8.0
1558088892741,7546.5,3.0
1558088892745,7546.2,3.0
1558088892853,7546.5,11.0
1558088892905,7546.4,8.0
1558088892925,7546.2,3.0
1558088893046,7546.5,11.0
1558088893097,7546.4,8.0
1558088893546,7546.2,3.0
1558088893599,7546.1,8.0
1558088895070,7546.5,11.0
1558088895073,7546.7,3.0
1558088895122,7546.6,8.0
1558088895623,7547.1,8.0
1558088896529,7547.0,3.0
1558088896582,7546.9,8.0
1558088896600,7547.1,8.0
1558088908695,7547.0,3.0
1558088908762,7546.9,8.0
1558088912197,7546.7,3.0
1558088912282,7546.9,3.0
1558088914218,7547.1,3.0
1558088917159,7547.4,3.0
1558088917202,7547.7,11.0
1558088918155,7548.0,11.0
1558088919524,7547.7,3.0
1558088919796,7547.6,8.0
1558088919984,7547.7,3.0
1558088921802,7547.5,3.0
1558088921822,7547.7,11.0
1558088921872,7547.6,8.0
1558088921966,7547.5,3.0
1558088922136,7547.4,8.0
1558088922182,7547.2,3.0
1558088922919,7547.4,3.0
1558088922922,7547.2,3.0
1558088924199,7547.1,8.0
1558088924518,7547.0,3.0
1558088924647,7546.9,8.0
1558088924785,7546.7,3.0
1558088925730,7547.0,3.0
1558088925780,7546.9,8.0
1558088926562,7546.7,3.0
1558088926996,7547.0,3.0
1558088927047,7546.9,8.0
1558088930183,7547.1,8.0
1558088931689,7547.0,3.0
1558088931742,7546.9,8.0
1558088932327,7547.1,8.0
1558088932553,7547.0,3.0
1558088933938,7546.9,8.0
1558088937070,7547.1,8.0
1558088938080,7547.0,3.0
1558088938094,7547.1,8.0
1558088938213,7547.0,3.0
1558088938306,7547.1,3.0
1558088939166,7547.4,3.0
1558088939718,7547.7,11.0
1558088939890,7548.0,11.0
1558088939925,7547.7,3.0
1558088939978,7547.6,8.0
1558088940670,7548.0,11.0
1558088941978,7547.7,3.0
1558088942023,7548.0,11.0
1558088942939,7548.2,3.0
1558088942940,7548.0,3.0
1558088942941,7548.2,3.0
1558088942991,7548.1,8.0
1558088944219,7548.5,3.0
1558088944221,7548.6,8.0
1558088944447,7548.5,3.0
1558088944554,7548.6,3.0
1558088945782,7548.5,3.0
1558088945785,7548.2,3.0
1558088945906,7548.5,3.0
1558088945957,7548.4,8.0
1558088946608,7548.2,3.0
1558088946661,7548.1,8.0
1558088946828,7548.5,3.0
1558088946879,7548.4,8.0
1558088946894,7548.2,3.0
1558088947065,7548.0,3.0
1558088947254,7548.2,3.0
1558088947303,7548.1,8.0
1558088948604,7548.5,3.0
1558088948654,7548.4,8.0
1558088949080,7548.6,8.0
1558088949169,7548.9,8.0
1558088949492,7548.7,3.0
1558088949515,7548.9,8.0
1558088949821,7548.7,3.0
1558088950525,7548.5,3.0
1558088950526,7548.7,11.0
1558088950527,7548.5,3.0
1558088950654,7548.4,8.0
1558088951858,7548.6,8.0
1558088952713,7548.5,3.0
1558088952766,7548.4,8.0
1558088953065,7548.6,8.0
1558088955512,7548.5,3.0
1558088955541,7548.6,8.0
1558088956217,7548.9,8.0
1558088958447,7549.5,11.0
1558088958585,7549.2,3.0
1558088958638,7549.1,8.0
1558088959203,7549.0,3.0
1558088959256,7548.9,8.0
1558088960160,7549.2,11.0
1558088960209,7549.1,8.0
1558088960214,7549.0,3.0
1558088960268,7548.9,8.0
1558088961359,7548.7,3.0
1558088961655,7548.6,8.0
1558088962255,7548.9,8.0
1558088962962,7549.2,11.0
1558088963014,7549.1,8.0
1558088964309,7549.2,3.0
1558088964728,7549.5,3.0
1558088965814,7549.7,3.0
1558088965821,7549.5,3.0
1558088965885,7549.4,8.0
1558088967285,7549.2,3.0
1558088967617,7549.5,11.0
1558088967668,7549.4,8.0
1558088973626,7549.2,3.0
1558088973644,7549.4,8.0
1558088973703,7549.2,3.0
1558088973756,7549.1,8.0
1558088973790,7549.0,3.0
1558088973911,7549.2,11.0
1558088973959,7549.1,8.0
1558088974433,7549.2,3.0
1558088974826,7549.5,11.0
1558088974878,7549.4,8.0
1558088976038,7549.2,3.0
1558088977833,7549.5,11.0
1558088977883,7549.4,8.0
1558088978514,7549.2,3.0
1558088978528,7549.4,8.0
1558088980028,7549.2,3.0
1558088980038,7549.4,8.0
1558088980694,7549.2,3.0
1558088980851,7549.5,11.0
1558088980903,7549.4,8.0
1558088981067,7549.7,3.0
1558088981118,7549.6,8.0
1558088981482,7549.5,3.0
1558088981534,7549.4,8.0
1558088983503,7549.5,3.0
1558088983556,7549.4,8.0
1558088984969,7549.7,3.0
1558088984979,7549.8,8.0
1558088984980,7550.0,3.0
1558088985030,7549.9,8.0
1558088985313,7549.7,3.0
1558088985323,7549.9,8.0
1558088985394,7549.7,3.0
1558088985408,7549.9,8.0
1558088988250,7550.1,8.0
1558088988545,7550.2,3.0
1558088992429,7550.1,8.0
1558088993124,7550.0,3.0
1558088993525,7549.9,8.0
1558088993538,7550.1,8.0
1558088993559,7550.0,3.0
1558088993761,7550.1,3.0
1558088994943,7550.0,3.0
1558088995178,7549.9,8.0
1558088995327,7550.1,8.0
1558088995340,7550.0,3.0
1558088995908,7550.1,3.0
1558088996003,7549.7,3.0
1558088996057,7549.6,8.0
1558088997238,7550.0,3.0
1558088997288,7549.9,8.0
1558088998034,7550.1,8.0
1558088998042,7550.0,3.0
1558088998192,7550.1,3.0
1558088998197,7550.2,3.0
1558088998202,7550.0,3.0
1558088998204,7550.2,3.0
1558088998205,7550.4,8.0
1558088998633,7550.7,11.0
1558088998667,7550.5,3.0
1558088998718,7550.4,8.0
1558088998748,7550.2,3.0
1558088998802,7550.1,8.0
1558088999496,7550.4,8.0
1558088999581,7550.2,3.0
1558088999798,7550.4,3.0
1558089001967,7550.2,3.0
1558089001969,7550.4,8.0
1558089001970,7550.2,3.0
1558089002022,7550.1,8.0
1558089002152,7550.0,3.0
1558089002165,7550.1,8.0
1558089002288,7550.0,3.0
1558089002558,7549.7,3.0
1558089003100,7550.0,3.0
1558089003152,7549.9,8.0
1558089009670,7550.1,8.0
1558089009673,7550.4,8.0
1558089009729,7550.2,3.0
1558089009740,7550.4,8.0
1558089009876,7550.2,3.0
1558089010879,7550.1,8.0
1558089018336,7550.4,8.0
1558089018410,7550.5,3.0
1558089018576,7550.7,11.0
1558089018579,7551.0,11.0
1558089018659,7551.3,11.0
1558089018662,7551.5,3.0
1558089018711,7551.4,8.0
1558089018732,7551.6,8.0
1558089018738,7552.0,3.0
1558089018779,7551.7,3.0
1558089018781,7552.0,3.0
1558089018789,7551.9,8.0
1558089019167,7551.7,3.0
1558089019220,7551.6,8.0
1558089019275,7551.5,3.0
1558089019744,7551.2,3.0
1558089019798,7551.1,8.0
1558089020191,7551.5,3.0
1558089020243,7551.4,8.0
1558089020301,7551.2,3.0
1558089020414,7551.1,8.0
1558089023047,7551.5,3.0
1558089023097,7551.4,8.0
1558089023215,7551.2,3.0
1558089023266,7551.1,8.0
1558089023623,7551.0,3.0
1558089023676,7550.9,8.0
1558089025754,7550.7,3.0
1558089025796,7550.9,8.0
1558089026240,7551.2,3.0
1558089026252,7551.0,3.0
1558089026305,7550.9,8.0
1558089027199,7551.2,3.0
1558089027249,7551.1,8.0
1558089027623,7551.5,3.0
1558089027672,7551.4,8.0
1558089030477,7551.6,8.0
1558089031567,7551.5,3.0
1558089031620,7551.4,8.0
1558089033597,7551.6,8.0
1558089033634,7551.5,3.0
1558089033687,7551.4,8.0
1558089033985,7551.2,3.0
1558089033994,7551.4,8.0
1558089034541,7551.2,3.0
1558089034595,7551.1,8.0
1558089034988,7551.0,3.0
1558089035013,7550.7,3.0
1558089035014,7551.0,3.0
1558089035070,7550.9,8.0
1558089036084,7551.2,3.0
1558089036086,7551.0,3.0
1558089036506,7551.2,3.0
1558089036557,7551.1,8.0
1558089038063,7551.0,3.0
1558089038172,7551.2,3.0
1558089038223,7551.1,8.0
1558089038439,7551.0,3.0
1558089038492,7550.9,8.0
1558089040245,7551.2,3.0
1558089040298,7551.1,8.0
1558089040774,7551.5,3.0
1558089040823,7551.4,8.0
1558089043295,7551.2,3.0
1558089043345,7551.0,3.0
1558089043397,7550.9,8.0
1558089043941,7550.7,3.0
1558089043944,7550.5,3.0
1558089044338,7550.7,11.0
1558089044389,7550.6,8.0
1558089046702,7550.5,3.0
1558089046976,7550.4,8.0
1558089049301,7550.7,11.0
1558089049351,7550.6,8.0
1558089050074,7551.0,11.0
1558089050125,7550.9,8.0
1558089050146,7550.7,3.0
1558089050198,7550.6,8.0
1558089050338,7550.5,3.0
1558089050430,7550.2,3.0
1558089050431,7549.7,3.0
1558089050439,7549.5,3.0
1558089050442,7549.2,3.0
1558089050446,7549.0,3.0
1558089050454,7548.7,3.0
1558089050513,7548.5,3.0
1558089050514,7548.7,3.0
1558089050516,7548.9,8.0
1558089050520,7548.7,3.0
1558089050521,7548.5,3.0
1558089050527,7548.2,3.0
1558089050538,7548.5,3.0
1558089050547,7548.2,3.0
1558089050595,7548.1,8.0
1558089050611,7548.2,3.0
1558089050625,7548.0,3.0
1558089050638,7548.2,3.0
1558089050689,7548.1,8.0
1558089050710,7548.0,3.0
1558089050712,7547.7,3.0
1558089050714,7548.0,3.0
1558089050810,7547.7,3.0
1558089050941,7547.6,8.0
1558089051015,7547.5,3.0
1558089051199,7548.0,3.0
1558089051249,7547.9,8.0
1558089052186,7547.7,3.0
1558089052311,7547.6,8.0
1558089052615,7548.0,11.0
1558089052666,7547.9,8.0
1558089052728,7547.7,3.0
1558089053378,7548.0,3.0
1558089053434,7547.9,8.0
1558089054515,7548.2,3.0
1558089054544,7548.0,3.0
1558089054546,7548.2,3.0
1558089055783,7548.5,3.0
1558089055792,7548.2,3.0
1558089056296,7548.5,3.0
1558089056347,7548.4,8.0
1558089057180,7548.6,8.0
1558089057435,7548.7,3.0
1558089057487,7548.6,8.0
1558089057602,7548.5,3.0
1558089057669,7548.6,3.0
1558089058289,7548.5,3.0
1558089058342,7548.4,8.0
1558089059089,7548.2,3.0
1558089059103,7548.4,8.0
1558089059767,7548.0,3.0
1558089059768,7548.2,3.0
1558089059819,7548.1,8.0
1558089060452,7548.0,3.0
1558089061661,7548.2,3.0
1558089061770,7548.1,8.0
1558089064248,7548.0,3.0
1558089064267,7547.7,3.0
1558089064269,7548.0,3.0
1558089065526,7548.2,3.0
1558089065527,7548.3,8.0
1558089065528,7548.5,3.0
1558089065572,7548.2,3.0
1558089066748,7548.5,3.0
1558089066798,7548.4,8.0
1558089066865,7548.6,8.0
1558089069294,7548.5,3.0
1558089069296,7548.6,8.0
1558089069297,7548.5,3.0
1558089069400,7548.2,3.0
1558089069649,7548.1,8.0
1558089069841,7548.5,3.0
1558089069893,7548.4,8.0
1558089070304,7548.2,3.0
1558089070487,7548.5,3.0
1558089070536,7548.4,8.0
1558089071214,7548.2,3.0
1558089072998,7548.0,3.0
1558089073052,7547.9,8.0
1558089073192,7548.2,3.0
1558089073193,7548.3,8.0
1558089073195,7548.5,3.0
1558089073196,7548.6,14.0
1558089073200,7548.9,14.0
1558089073204,7548.7,3.0
1558089073215,7548.5,3.0
1558089073227,7548.7,3.0
1558089073266,7548.6,8.0
1558089073678,7548.9,8.0
1558089073714,7549.2,11.0
1558089074050,7549.0,3.0
1558089074100,7548.9,8.0
1558089074235,7549.2,11.0
1558089074598,7549.0,3.0
1558089074706,7548.9,8.0
1558089076181,7549.2,11.0
1558089076183,7549.0,3.0
1558089076236,7548.9,8.0
1558089076261,7548.7,3.0
1558089077375,7548.6,8.0
1558089078758,7548.5,3.0
1558089078759,7548.6,8.0
1558089079305,7548.5,3.0
1558089079307,7548.6,8.0
1558089079739,7548.5,3.0
1558089080240,7548.6,3.0
1558089080635,7548.9,3.0
1558089081339,7549.2,11.0
1558089082101,7549.0,3.0
1558089082153,7548.9,8.0
1558089082181,7548.7,3.0
1558089082292,7548.9,3.0
1558089082704,7548.7,3.0
1558089082905,7548.9,3.0
1558089083116,7549.2,11.0
1558089083400,7549.0,3.0
1558089083453,7548.9,8.0
1558089084584,7549.2,11.0
1558089085127,7549.5,11.0
1558089085132,7549.7,3.0
1558089085134,7549.8,8.0
1558089085135,7549.7,3.0
1558089085136,7550.0,3.0
1558089085161,7550.2,3.0
1558089085178,7550.1,8.0
1558089087547,7550.0,3.0
1558089087598,7549.9,8.0
1558089087617,7549.7,3.0
1558089088953,7550.0,3.0
1558089089004,7549.9,8.0
1558089089273,7550.1,8.0
1558089089275,7550.4,8.0
1558089090665,7550.2,3.0
1558089090690,7550.4,8.0
1558089090785,7550.2,3.0
1558089090808,7550.4,8.0
1558089092862,7550.7,11.0
1558089093437,7550.5,3.0
1558089093489,7550.4,8.0
1558089093492,7550.7,11.0
1558089093600,7550.5,3.0
1558089093719,7550.4,8.0
1558089094458,7550.2,3.0
1558089094512,7550.1,8.0
1558089094531,7550.4,8.0
1558089095536,7550.2,3.0
1558089095590,7550.1,8.0
1558089096230,7550.0,3.0
1558089096231,7550.1,8.0
1558089098059,7550.4,8.0
1558089098388,7550.2,3.0
1558089098442,7550.1,8.0
1558089099161,7550.4,8.0
1558089099712,7550.7,11.0
1558089100093,7551.0,11.0
1558089100095,7550.7,3.0
1558089100180,7551.0,11.0
1558089100529,7550.7,3.0
1558089100834,7550.6,8.0
1558089101832,7550.7,3.0
1558089106575,7550.5,3.0
1558089106702,7550.4,8.0
1558089106923,7550.2,3.0
1558089107122,7550.4,3.0
1558089107329,7550.2,3.0
1558089107341,7550.4,8.0
1558089107404,7550.2,3.0
1558089107413,7550.4,8.0
1558089108830,7550.2,3.0
1558089110138,7550.0,3.0
1558089110146,7550.2,11.0
1558089112402,7550.0,3.0
1558089112464,7549.9,8.0
1558089115119,7550.1,8.0
1558089115197,7550.4,8.0
1558089115339,7550.7,11.0
1558089115390,7550.6,8.0
1558089115424,7550.5,3.0
1558089115510,7550.4,8.0
1558089115600,7550.2,3.0
1558089115601,7550.0,3.0
1558089115602,7550.2,3.0
1558089115653,7550.1,8.0
1558089116247,7550.0,3.0
1558089116249,7549.7,3.0
1558089116465,7549.5,3.0
1558089116532,7549.7,3.0
1558089116582,7549.6,8.0
1558089116702,7549.5,3.0
1558089116780,7549.2,3.0
1558089116832,7549.1,8.0
1558089117682,7548.7,3.0
1558089117715,7549.0,3.0
1558089118365,7548.9,8.0
1558089120442,7549.2,11.0
1558089120491,7549.1,8.0
1558089120516,7549.0,3.0
1558089120529,7549.1,8.0
1558089121521,7549.2,3.0
1558089121539,7549.5,11.0
1558089121591,7549.4,8.0
1558089122293,7549.2,3.0
1558089122347,7549.1,8.0
1558089122424,7549.0,3.0
1558089122426,7549.1,8.0
1558089123128,7549.0,3.0
1558089124028,7548.9,8.0
1558089126583,7549.2,11.0
1558089126585,7549.0,3.0
1558089126637,7548.9,8.0
1558089126794,7548.7,3.0
1558089126978,7548.9,3.0
1558089127066,7549.2,11.0
1558089127117,7549.1,8.0
1558089127546,7549.0,3.0
1558089127560,7549.1,8.0
1558089128508,7549.0,3.0
1558089128509,7549.1,8.0
1558089128572,7549.2,3.0
1558089128626,7549.1,8.0
1558089128709,7549.0,3.0
1558089128832,7548.9,8.0
1558089128944,7549.2,11.0
1558089128994,7549.1,8.0
1558089129406,7549.2,3.0
1558089129456,7549.1,8.0
1558089129534,7549.0,3.0
1558089129682,7549.2,11.0
1558089129733,7549.1,8.0
1558089130276,7549.2,3.0
1558089131731,7549.1,8.0
1558089134089,7549.0,3.0
1558089134142,7548.9,8.0
1558089134344,7548.7,3.0
1558089134424,7548.9,3.0
1558089134534,7549.2,11.0
1558089134713,7549.5,11.0
1558089134770,7549.4,8.0
1558089135520,7549.7,3.0
1558089135641,7550.0,3.0
1558089135691,7549.9,8.0
1558089136264,7549.7,3.0
1558089136275,7549.9,8.0
1558089136773,7549.7,3.0
1558089137630,7549.6,8.0
1558089137898,7549.5,3.0
1558089137952,7549.4,8.0
1558089140924,7549.2,3.0
1558089141222,7549.5,11.0
1558089141271,7549.4,8.0
1558089145223,7549.0,3.0
1558089145278,7548.9,8.0
1558089145497,7548.7,3.0
1558089145607,7548.6,8.0
1558089145967,7548.9,8.0
1558089146419,7548.7,3.0
1558089148586,7548.9,3.0
1558089148589,7549.2,11.0
1558089148590,7549.0,3.0
1558089148601,7548.7,3.0
1558089148656,7549.0,3.0
1558089148705,7548.9,8.0
1558089150559,7548.5,3.0
1558089150569,7548.7,3.0
1558089150571,7548.5,3.0
1558089150623,7548.4,8.0
1558089150761,7548.2,3.0
1558089150881,7548.1,8.0
1558089150931,7548.0,3.0
1558089151172,7548.2,3.0
1558089151221,7548.1,8.0
1558089151237,7548.0,3.0
1558089151240,7547.7,3.0
1558089151389,7548.0,11.0
1558089151440,7547.9,8.0
1558089151891,7547.7,3.0
1558089153757,7548.0,11.0
1558089153809,7547.9,8.0
1558089155110,7548.2,3.0
1558089155160,7548.1,8.0
1558089156156,7548.5,3.0
1558089156207,7548.4,8.0
1558089156779,7548.6,8.0
1558089156781,7548.9,8.0
1558089156782,7548.7,3.0
1558089157285,7548.5,3.0
1558089157331,7548.7,11.0
1558089157337,7548.6,8.0
1558089157349,7548.5,3.0
1558089157353,7548.2,3.0
1558089157403,7548.5,3.0
1558089157453,7548.4,8.0
1558089157647,7548.2,3.0
1558089157663,7548.4,8.0
1558089158974,7548.2,3.0
1558089159218,7548.5,3.0
1558089159278,7548.4,8.0
1558089161143,7548.0,3.0
1558089161145,7547.7,3.0
1558089161150,7547.5,3.0
1558089161154,7547.2,3.0
1558089161159,7547.0,3.0
1558089161162,7546.7,3.0
1558089161179,7547.0,3.0
1558089161180,7546.7,3.0
1558089161183,7546.5,3.0
1558089161184,7546.7,3.0
1558089161193,7546.5,3.0
1558089161198,7546.7,3.0
1558089161199,7546.5,3.0
1558089161212,7546.7,3.0
1558089161217,7546.5,3.0
1558089161229,7546.2,3.0
1558089161233,7546.0,3.0
1558089161235,7546.2,3.0
1558089161241,7546.5,3.0
1558089161243,7546.2,3.0
1558089161269,7546.0,3.0
1558089161273,7545.7,3.0
1558089161334,7545.5,3.0
1558089161386,7545.2,3.0
1558089161387,7545.5,3.0
1558089161389,7545.6,8.0
1558089161392,7545.7,3.0
1558089161445,7545.6,8.0
1558089161450,7545.5,3.0
1558089161454,7545.6,8.0
1558089161707,7545.9,8.0
1558089161708,7546.2,11.0
1558089161762,7546.1,8.0
1558089161876,7546.5,11.0
1558089162095,7546.7,3.0
1558089162099,7547.0,3.0
1558089162147,7547.1,8.0
1558089162201,7547.0,3.0
1558089162263,7547.1,8.0
1558089162857,7547.5,3.0
1558089162977,7547.4,8.0
1558089163276,7547.2,3.0
1558089163328,7547.1,8.0
1558089163442,7547.4,8.0
1558089164085,7547.2,3.0
1558089164279,7547.1,8.0
1558089164294,7547.0,3.0
1558089164524,7547.1,3.0
1558089164562,7547.0,3.0
1558089164907,7546.9,8.0
1558089167097,7546.7,3.0
1558089167182,7546.9,3.0
1558089170544,7547.1,3.0
1558089175320,7547.4,3.0
1558089175828,7547.2,3.0
1558089175874,7547.0,3.0
1558089177552,7547.1,3.0
1558089177553,7547.0,3.0
1558089177554,7546.7,3.0
1558089177563,7547.0,3.0
1558089177600,7546.7,3.0
1558089177601,7547.0,3.0
1558089177652,7546.9,8.0
1558089178665,7546.7,3.0
1558089179397,7547.0,3.0
1558089179440,7546.7,3.0
1558089179445,7546.5,3.0
1558089179497,7546.4,8.0
1558089179563,7546.7,3.0
1558089179564,7546.5,3.0
1558089179628,7546.4,8.0
1558089180652,7546.5,3.0
1558089180704,7546.4,8.0
1558089180735,7546.7,3.0
1558089180786,7546.6,8.0
1558089181096,7547.0,3.0
1558089181147,7546.9,8.0
1558089182046,7546.7,3.0
1558089182253,7546.2,3.0
1558089182254,7546.5,3.0
1558089182255,7546.2,3.0
1558089182307,7546.1,8.0
1558089183653,7546.5,11.0
1558089183703,7546.4,8.0
1558089184047,7546.2,3.0
1558089184662,7546.1,8.0
1558089184768,7546.5,11.0
1558089184819,7546.4,8.0
1558089184909,7546.2,3.0
1558089184927,7546.4,8.0
1558089184928,7546.2,3.0
1558089185874,7546.5,11.0
1558089185925,7546.4,8.0
1558089186728,7546.7,3.0
1558089186769,7546.5,3.0
1558089186770,7546.2,3.0
1558089187050,7546.1,8.0
1558089187739,7546.5,11.0
1558089187789,7546.4,8.0
1558089188313,7546.2,3.0
1558089188324,7546.4,8.0
1558089188550,7546.2,3.0
1558089188611,7546.5,11.0
1558089188662,7546.4,8.0
1558089190620,7546.7,3.0
1558089190662,7546.5,3.0
1558089190678,7546.7,3.0
1558089192515,7546.6,8.0
1558089193234,7546.5,3.0
1558089193451,7546.7,3.0
1558089193500,7546.6,8.0
1558089196157,7546.5,3.0
1558089196219,7546.7,3.0
1558089196393,7547.0,3.0
1558089196443,7546.9,8.0
1558089201247,7547.1,8.0
1558089201251,7547.4,8.0
1558089202218,7547.2,3.0
1558089202706,7547.1,8.0
1558089203645,7547.4,8.0
1558089203646,7547.2,3.0
1558089204939,7547.4,3.0
1558089205144,7547.7,11.0
1558089209043,7547.5,3.0
1558089209053,7547.7,11.0
1558089209782,7547.5,3.0
1558089209802,7547.7,11.0
1558089209831,7548.0,11.0
1558089209899,7548.2,3.0
1558089209949,7548.1,8.0
1558089209978,7548.5,3.0
1558089210029,7548.4,8.0
1558089210544,7548.5,3.0
1558089210548,7548.2,3.0
1558089210804,7548.1,8.0
1558089212895,7548.5,3.0
1558089212946,7548.4,8.0
1558089215969,7548.6,8.0
